2952 4150
206 228 247 296 50
679 226 829 274 Lnuurus

253 405 296 446 an
323 393 412 448 esset
438 384 501 447 hoc
528 383 660 466 quidem
689 381 859 465 proprium
887 383 1059 460 amicitiae,
1088 385 1147 448 sed
1174 395 1254 450 anti-

253 487 348 570 quior
372 497 406 550 et
433 487 600 570 pulchrior
624 497 657 550 et
682 487 788 568 magis
815 494 834 550 a
862 495 980 550 natura
1005 488 1077 570 ipsa
1102 491 1254 570 profecta

252 593 316 655 alia
330 613 450 655 causa:
475 612 568 655 amor
584 591 681 666 enim,
699 611 739 654 ex
755 599 821 674 quo
839 591 983 655 amicitia
1002 593 1172 657 nominata
1190 605 1250 672 est,

251 706 407 779 princeps
430 706 481 759 est
504 696 546 758 ad
569 695 836 760 benevolentiam
860 697 1145 778 coniungendam;
1173 720 1251 762 nam

251 897 459 968 simulatione
478 903 642 967 amicitiae
661 903 813 967 coluntur
833 913 867 966 et
888 903 1107 968 observantur
1127 915 1251 988 tempo

249 1009 294 1072 ris
319 1016 437 1086 eaus53
466 1008 500 1070 in
525 1007 668 1070 amicitia
695 1016 806 1070 autem
833 1007 914 1070 nihil
939 1009 1055 1071 fictum
1084 1019 1142 1086 est,
1168 1011 1250 1074 nihil
1311 1073 1313 1078 .

249 1112 448 1188 simulatum,
465 1122 507 1188 et,
528 1111 683 1194 quicquid
702 1121 762 1188 est,
784 1111 817 1174 id
840 1121 891 1174 est
911 1119 1026 1174 verum
1050 1122 1084 1176 et
1103 1114 1250 1177 volunta·
1354 1097 1357 1102 ¹

249 1215 342 1279 rium.
385 1223 588 1298 quapropter
602 1222 622 1277 <i
638 1213 756 1278 natura
776 1215 857 1278 mihi
871 1214 1002 1278 videtur
1020 1217 1130 1300 potius
1149 1239 1248 1300 quam
1264 1231 1298 1284 27

200 1349 228 1382 10
249 1320 291 1383 ab
307 1319 490 1401 indigentia
509 1329 581 1382 orta
602 1319 754 1396 amicitia,
775 1319 996 1402 adplicatione
1018 1321 1124 1402 magis
1147 1322 1249 1384 animi

248 1444 324 1487 cum
347 1424 491 1506 quodam
516 1431 615 1486 sensit
640 1423 774 1486 amandi
797 1443 897 1506 quam
923 1423 1123 1506 cogitatione
1148 1447 1249 1508 quan-

247 1536 318 1590 tum
344 1527 399 1590 illa
426 1535 478 1590 res
504 1527 653 1590 utilitatis
677 1536 766 1590 esset
791 1527 953 1590 habitura.
1000 1529 1089 1610 quod
1114 1529 1248 1612 quidem

247 1632 345 1714 quale
361 1631 403 1694 sit
421 1631 521 1694 etiam
542 1631 576 1693 in
596 1630 710 1694 bestiis
726 1631 925 1714 quibusdam
945 1631 1164 1696 animadverti
1178 1644 1248 1716 pot-

247 1745 307 1812 est,
324 1755 410 1817 quae
426 1756 466 1798 ex
482 1742 518 1798 se
538 1741 635 1798 natos
656 1734 702 1797 ita
723 1744 837 1797 amant
858 1735 900 1797 ad
925 1735 1092 1818 quoddam
1113 1747 1247 1820 tempus

198 1864 224 1911 15
246 1849 281 1902 et
301 1839 343 1902 ab
364 1849 411 1902 eis
432 1839 478 1902 ita
501 1848 664 1915 amantur,
686 1848 723 1901 ut
746 1839 845 1902 facile
868 1845 982 1902 earum
1007 1846 1125 1903 sensus
1149 1842 1247 1924 adpa-

246 1953 335 2006 reat:
362 1943 451 2026 quod
474 1943 509 2005 in
533 1942 666 2006 homine
689 1943 793 2005 multo
813 1951 866 2006 est
886 1943 1080 2021 evidentius,
1103 1954 1246 2026 primurn

245 2066 287 2110 ex
302 2053 342 2109 eri
357 2046 503 2123 caritate,
523 2067 609 2129 quae
628 2055 679 2110 est
699 2046 785 2110 inter
805 2053 901 2110 natos
922 2055 955 2109 et
976 2055 1141 2130 parentes,
1162 2070 1246 2132 quae

245 2148 355 2214 dirimi
368 2150 434 2214 nisi
448 2149 636 2214 detestabili
654 2151 779 2214 scelere
799 2158 867 2214 non
888 2159 1009 2233 potest,
1028 2151 1149 2217 deinde
1170 2173 1245 2216 cum

194 2339 277 2389 which
289 2340 310 2389 is
322 2347 367 2390 not
378 2341 547 2404 necessaryin
560 2342 642 2391 Latin.
675 2341 729 2405 (R,
758 2342 879 2391 otilitotis
901 2358 958 2406 may
978 2342 1017 2392 be.
1057 2342 1119 2392 This
1142 2342 1294 2403 distinction,

195 2416 455 2480 vol.ii.1094.).—2.
469 2418 564 2480 maglo
574 2453 579 2466 .
590 2453 596 2466 .
607 2429 729 2467 ‚caueaz
758 2418 882 2477 however,
901 2418 921 2467 is
942 2425 986 2467 not
1008 2417 1099 2481 always
1121 2419 1250 2467 observed.
1261 2445 1295 2454 —

195 2491 214 2540 it
234 2492 255 2540 is
274 2507 302 2541 as
322 2494 433 2542 natural
449 2501 475 2542 to
498 2493 573 2542 make
596 2494 664 2556 good
687 2509 732 2542 our
761 2505 797 2543 10.
815 2494 1030 2555 adplicatione,
1048 2495 1097 2544 abl.
1115 2495 1145 2543 of
1158 2509 1294 2543 means,-

195 2568 324 2617 weakness
336 2570 368 2632 by
381 2569 423 2618 the
437 2570 479 2618 oid
492 2569 522 2618 of
533 2569 617 2636 others
631 2585 658 2617 as
675 2569 694 2618 it
711 2569 731 2618 is
760 2581 797 2618 11.
815 2573 974 2632 quantum:
994 2586 1026 2618 an
1044 2571 1149 2619 unusual
1167 2577 1293 2619 construc-

195 2649 221 2692 to
239 2643 303 2703 love,
315 2645 360 2693 but
377 2645 466 2694 Cicero
484 2660 570 2694 means
588 2645 642 2694 that
659 2644 732 2693 affec·
757 2645 810 2693 tion
834 2645 863 2694 os
882 2662 897 2694 a
920 2646 1003 2695 clause
1027 2647 1173 2710 depending
1191 2662 1259 2710 upon
1279 2662 1294 2695 a

195 2719 248 2768 tion
260 2720 307 2769 isa
319 2721 465 2784 productos
473 2728 560 2770 nature
572 2721 731 2785 irrespective
757 2721 842 2770 verbal
859 2737 937 2770 noun.
947 2749 981 2758 -
992 2735 1029 2770 12.
1046 2722 1099 2771 illa
1117 2724 1167 2772 res
1179 2742 1203 2764 =
1218 2723 1290 2782 illud,

195 2795 224 2844 os
232 2811 281 2858 any
292 2796 360 2860 hope
372 2797 401 2845 os
410 2797 514 2858 gaim—
521 2809 543 2862 5.
555 2797 595 2845 ab
605 2796 653 2854 lis,
658 2797 730 2861 from
757 2797 800 2846 the
816 2798 950 2847 formation
967 2798 996 2846 oi
1011 2797 1294 2862 friendship.—qu0d
1342 2809 1344 2813 ·

193 2872 263 2921 those.
273 2898 305 2907 —
315 2873 338 2922 6.
355 2873 501 2934 temporis
519 2873 620 2931 oanni,
636 2879 660 2920 to
679 2873 733 2921 suit
758 2873 910 2936 ...quala
926 2873 965 2922 the
980 2881 1074 2922 nature
1091 2876 1123 2940 of
1131 2875 1180 2923 this
1191 2875 1294 2938 princi·

193 2948 233 2996 the
244 2949 361 2997 occasion.
394 2949 456 3012 (R.)
757 2949 807 3011 ple.
844 2948 893 2996 For
908 2948 950 2996 the
965 2949 1144 3008 construction,
1158 2949 1192 2998 H.
1211 2961 1267 3014 510,
1280 2951 1295 2997 6

244 3037 268 3085 9.
292 3025 396 3086 potius
419 3061 426 3074 .
450 3061 456 3072 .
481 3061 487 3073 .
509 3023 622 3087 magis:
645 3025 731 3087 potius
757 3025 827 3088 (453,
836 3023 875 3088 3);
893 3025 930 3072 M.
941 3037 1029 3088 453·¹3
1047 3025 1079 3072 A.
1090 3037 1176 3082 201,e;
1195 3025 1293 3084 ti.610;

194 3115 281 3148 means
295 3101 403 3158 ‘better’
418 3100 586 3168 ‘preferable'
600 3100 651 3149 and
666 3099 731 3149 indi·
757 3100 785 3148 B.
798 3112 854 3165 251,
867 3112 929 3164 7.-
938 3101 976 3148 16.
995 3099 1079 3162 quod
1093 3099 1168 3164 (ln):
1187 3099 1238 3147 like
1250 3100 1293 3147 the

194 3182 261 3224 cates
271 3192 303 3224 an
313 3177 435 3225 exclusive
445 3177 603 3240 comparison
615 3176 730 3224 between
756 3176 893 3240 preceding
904 3176 974 3239 quod,
987 3176 1036 3224 this
1047 3175 1124 3224 refers
1136 3182 1162 3224 to
1176 3175 1218 3223 the
1233 3191 1293 3237 gen·

194 3258 243 3300 two
260 3252 429 3311 alternatives;
452 3268 501 3301 one
516 3253 537 3301 is
551 3252 629 3302 taken
645 3259 671 3300 to
687 3252 729 3300 the
757 3251 808 3300 eral
823 3252 1035 3316 principle-17.
1052 3264 1129 3314 quae
1142 3287 1148 3300 .
1199 3263 1289 3313 quae:

194 3328 320 3377 exclusion
335 3329 364 3376 os
378 3329 420 3378 the
438 3329 522 3387 other;
546 3328 627 3392 nragr‘s
643 3343 730 3376 means
756 3327 798 3376 the
809 3329 903 3376 second
915 3345 979 3392 quoe
990 3328 1035 3376 has
1047 3328 1086 3376 for
1097 3343 1129 3376 an
1143 3329 1293 3375 antecedent

193 3405 292 3463 ‘more,'
304 3405 354 3452 and
367 3404 514 3454 indicatesa
530 3405 625 3453 certain
638 3405 729 3467 degree
756 3405 869 3462 cdritdle,
886 3405 1003 3453 modified
1021 3404 1054 3466 by
1071 3404 1114 3452 the
1131 3403 1213 3452 clause
1229 3419 1293 3466 quas

193 3479 223 3528 ol
231 3481 274 3529 the
283 3481 377 3544 quality
386 3481 411 3528 in
421 3481 464 3529 the
474 3479 568 3543 objects
580 3481 726 3544 compared:
756 3515 761 3528 .
775 3515 781 3528 .
795 3516 800 3528 .
812 3485 941 3543 parentis.
951 3505 984 3514 -
997 3479 1032 3528 18.
1054 3479 1162 3528 deinde
1174 3491 1257 3527 cum:
1277 3494 1292 3526 a

193 3557 258 3615 thus,
272 3557 415 3620 indigentia
431 3556 452 3604 is
469 3563 513 3605 not
531 3557 653 3620 regarded
670 3571 697 3605 as
714 3571 729 3604 a
756 3555 953 3604 conversational
971 3556 1067 3617 change
1080 3555 1144 3603 from
1156 3555 1245 3602 deinde
1262 3569 1293 3601 ex

192 3633 291 3696 ground
319 3632 348 3681 of
373 3632 518 3698 friendship,
544 3633 588 3682 but
616 3633 731 3698 cogitatio
754 3632 843 3691 simili,
861 3631 1058 3696 corresponding
1075 3638 1101 3679 to
1114 3635 1233 3694 primum
1251 3645 1288 3678 ex.
