<?xml version="1.0" encoding="UTF-8"?>
<!DOCTYPE html PUBLIC "-//W3C//DTD XHTML 1.0 Transitional//EN"
    "http://www.w3.org/TR/xhtml1/DTD/xhtml1-transitional.dtd">
<html xmlns="http://www.w3.org/1999/xhtml" xml:lang="en" lang="en">
 <head>
  <title>
</title>
<meta http-equiv="Content-Type" content="text/html;charset=utf-8" />
  <meta name='ocr-system' content='tesseract 3.04.00' />
  <meta name='ocr-capabilities' content='ocr_page ocr_carea ocr_par ocr_line ocrx_word'/>
</head>
<body>
  <div class='ocr_page' id='page_1' title='image "./laeliusdeamicit06cicegoog_0078.png"; bbox 0 0 2952 4150; ppageno 0'>
   <div class='ocr_carea' id='block_1_1' title="bbox 603 305 1280 375">
    <p class='ocr_par' dir='ltr' id='par_1_1' title="bbox 603 305 1280 375">
     <span class='ocr_line' id='line_1_1' title="bbox 603 305 1280 375; baseline 0.003 -22"><span class='ocrx_word' id='word_1_1' title='bbox 603 305 767 354; x_wconf 83' lang='lat' dir='ltr'>CHAPTER</span> <span class='ocrx_word' id='word_1_2' title='bbox 787 305 856 354; x_wconf 86' lang='lat' dir='ltr'>xvi.</span> <span class='ocrx_word' id='word_1_3' title='bbox 1240 309 1280 375; x_wconf 82' lang='lat'>73</span> 
     </span>
    </p>
   </div>
   <div class='ocr_carea' id='block_1_2' title="bbox 177 461 1281 2106">
    <p class='ocr_par' dir='ltr' id='par_1_2' title="bbox 177 461 1281 2106">
     <span class='ocr_line' id='line_1_2' title="bbox 227 461 1230 534; baseline -0.001 -6"><span class='ocrx_word' id='word_1_4' title='bbox 227 474 260 528; x_wconf 93' lang='lat' dir='ltr'>et</span> <span class='ocrx_word' id='word_1_5' title='bbox 276 465 448 528; x_wconf 77' lang='lat' dir='ltr'>datorum:</span> <span class='ocrx_word' id='word_1_6' title='bbox 473 462 605 526; x_wconf 84' lang='lat' dir='ltr'>divitior</span> <span class='ocrx_word' id='word_1_7' title='bbox 625 462 712 524; x_wconf 90' lang='lat' dir='ltr'>mihi</span> <span class='ocrx_word' id='word_1_8' title='bbox 730 472 763 534; x_wconf 88' lang='lat' dir='ltr'>et</span> <span class='ocrx_word' id='word_1_9' title='bbox 786 461 984 526; x_wconf 88' lang='lat' dir='ltr'>adfluentior</span> <span class='ocrx_word' id='word_1_10' title='bbox 1004 461 1135 526; x_wconf 79' lang='lat' dir='ltr'>videtur</span> <span class='ocrx_word' id='word_1_11' title='bbox 1156 483 1230 527; x_wconf 88' lang='lat' dir='ltr'>esse</span> 
     </span>
     <span class='ocr_line' id='line_1_3' title="bbox 227 565 1231 650; baseline -0.001 -18"><span class='ocrx_word' id='word_1_12' title='bbox 227 577 306 632; x_wconf 79' lang='lat' dir='ltr'>vera</span> <span class='ocrx_word' id='word_1_13' title='bbox 323 567 468 631; x_wconf 88' lang='lat' dir='ltr'>amicitia</span> <span class='ocrx_word' id='word_1_14' title='bbox 489 587 551 630; x_wconf 91' lang='lat' dir='ltr'>nec</span> <span class='ocrx_word' id='word_1_15' title='bbox 572 567 750 630; x_wconf 77' lang='lat' dir='ltr'>observare</span> <span class='ocrx_word' id='word_1_16' title='bbox 773 565 924 629; x_wconf 76' lang='lat' dir='ltr'>restricte</span> <span class='ocrx_word' id='word_1_17' title='bbox 947 574 990 629; x_wconf 80' lang='lat' dir='ltr'>ne</span> <span class='ocrx_word' id='word_1_18' title='bbox 1013 567 1089 650; x_wconf 81' lang='lat' dir='ltr'>plus</span> <span class='ocrx_word' id='word_1_19' title='bbox 1113 567 1231 631; x_wconf 91' lang='lat' dir='ltr'>reddat</span> 
     </span>
     <span class='ocr_line' id='line_1_4' title="bbox 228 670 1230 756; baseline 0 -21"><span class='ocrx_word' id='word_1_20' title='bbox 228 693 328 756; x_wconf 89' lang='lat' dir='ltr'>quam</span> <span class='ocrx_word' id='word_1_21' title='bbox 350 671 534 754; x_wconf 52' lang='lat' dir='ltr'>acceperim</span> <span class='ocrx_word' id='word_1_22' title='bbox 561 691 670 754; x_wconf 92' lang='lat' dir='ltr'>neque</span> <span class='ocrx_word' id='word_1_23' title='bbox 693 670 782 734; x_wconf 92' lang='lat' dir='ltr'>enim</span> <span class='ocrx_word' id='word_1_24' title='bbox 803 670 987 734; x_wconf 91' lang='lat' dir='ltr'>verendum</span> <span class='ocrx_word' id='word_1_25' title='bbox 1010 681 1062 734; x_wconf 92' lang='lat' dir='ltr'>est</span> <span class='ocrx_word' id='word_1_26' title='bbox 1084 679 1127 734; x_wconf 71' lang='lat' dir='ltr'>ne</span> <span class='ocrx_word' id='word_1_27' title='bbox 1150 673 1230 754; x_wconf 94' lang='lat' dir='ltr'>quid</span> 
     </span>
     <span class='ocr_line' id='line_1_5' title="bbox 228 775 1229 858; baseline -0.001 -18"><span class='ocrx_word' id='word_1_28' title='bbox 228 777 358 840; x_wconf 84' lang='lat' dir='ltr'>excidat</span> <span class='ocrx_word' id='word_1_29' title='bbox 381 786 438 839; x_wconf 90' lang='lat' dir='ltr'>aut</span> <span class='ocrx_word' id='word_1_30' title='bbox 465 783 507 838; x_wconf 71' lang='lat' dir='ltr'>ne</span> <span class='ocrx_word' id='word_1_31' title='bbox 534 775 613 858; x_wconf 93' lang='lat' dir='ltr'>quid</span> <span class='ocrx_word' id='word_1_32' title='bbox 640 775 674 837; x_wconf 92' lang='lat' dir='ltr'>in</span> <span class='ocrx_word' id='word_1_33' title='bbox 701 785 823 838; x_wconf 89' lang='lat' dir='ltr'>terram</span> <span class='ocrx_word' id='word_1_34' title='bbox 851 775 974 838; x_wconf 77' lang='lat' dir='ltr'>defluat</span> <span class='ocrx_word' id='word_1_35' title='bbox 1002 785 1058 838; x_wconf 91' lang='lat' dir='ltr'>aut</span> <span class='ocrx_word' id='word_1_36' title='bbox 1085 783 1128 838; x_wconf 70' lang='lat' dir='ltr'>ne</span> <span class='ocrx_word' id='word_1_37' title='bbox 1154 777 1229 858; x_wconf 80' lang='lat' dir='ltr'>plus</span> 
     </span>
     <span class='ocr_line' id='line_1_6' title="bbox 190 879 1281 964; baseline -0.004 -21"><span class='ocrx_word' id='word_1_38' title='bbox 190 889 335 964; x_wconf 76' lang='lat' dir='ltr'>saequo</span> <span class='ocrx_word' id='word_1_39' title='bbox 363 880 442 963; x_wconf 92' lang='lat' dir='ltr'>quid</span> <span class='ocrx_word' id='word_1_40' title='bbox 473 880 506 942; x_wconf 92' lang='lat' dir='ltr'>in</span> <span class='ocrx_word' id='word_1_41' title='bbox 533 879 712 943; x_wconf 82' lang='lat' dir='ltr'>amicitiam</span> <span class='ocrx_word' id='word_1_42' title='bbox 743 886 950 960; x_wconf 70' lang='lat' dir='ltr'>congeritur.</span> <span class='ocrx_word' id='word_1_43' title='bbox 1008 879 1124 942; x_wconf 88' lang='lat' dir='ltr'>tertius</span> <span class='ocrx_word' id='word_1_44' title='bbox 1151 887 1230 943; x_wconf 75' lang='lat' dir='ltr'>vero</span> <span class='ocrx_word' id='word_1_45' title='bbox 1246 890 1281 940; x_wconf 82' lang='lat'>59</span> 
     </span>
     <span class='ocr_line' id='line_1_7' title="bbox 228 983 1228 1066; baseline -0.002 -18"><span class='ocrx_word' id='word_1_46' title='bbox 228 986 283 1050; x_wconf 92' lang='lat' dir='ltr'>ille</span> <span class='ocrx_word' id='word_1_47' title='bbox 304 986 382 1048; x_wconf 89' lang='lat' dir='ltr'>finis</span> <span class='ocrx_word' id='word_1_48' title='bbox 404 985 610 1060; x_wconf 70' lang='lat' dir='ltr'>deterrimus,</span> <span class='ocrx_word' id='word_1_49' title='bbox 629 993 674 1058; x_wconf 93' lang='lat' dir='ltr'>ut,</span> <span class='ocrx_word' id='word_1_50' title='bbox 689 993 805 1066; x_wconf 91' lang='lat' dir='ltr'>quanti</span> <span class='ocrx_word' id='word_1_51' title='bbox 820 983 960 1066; x_wconf 90' lang='lat' dir='ltr'>quisque</span> <span class='ocrx_word' id='word_1_52' title='bbox 977 991 1012 1046; x_wconf 72' lang='lat' dir='ltr'>se</span> <span class='ocrx_word' id='word_1_53' title='bbox 1028 983 1101 1065; x_wconf 92' lang='lat' dir='ltr'>ipse</span> <span class='ocrx_word' id='word_1_54' title='bbox 1116 983 1228 1060; x_wconf 88' lang='lat' dir='ltr'>faciat,</span> 
     </span>
     <span class='ocr_line' id='line_1_8' title="bbox 228 1087 1229 1170; baseline 0.002 -22"><span class='ocrx_word' id='word_1_55' title='bbox 228 1097 313 1149; x_wconf 91' lang='lat' dir='ltr'>tanti</span> <span class='ocrx_word' id='word_1_56' title='bbox 335 1088 397 1150; x_wconf 83' lang='lat' dir='ltr'>fiat</span> <span class='ocrx_word' id='word_1_57' title='bbox 420 1087 462 1148; x_wconf 89' lang='lat' dir='ltr'>ab</span> <span class='ocrx_word' id='word_1_58' title='bbox 487 1097 619 1163; x_wconf 92' lang='lat' dir='ltr'>amicis;</span> <span class='ocrx_word' id='word_1_59' title='bbox 648 1107 750 1168; x_wconf 86' lang='lat' dir='ltr'>saepe</span> <span class='ocrx_word' id='word_1_60' title='bbox 775 1087 863 1150; x_wconf 89' lang='lat' dir='ltr'>enim</span> <span class='ocrx_word' id='word_1_61' title='bbox 888 1087 921 1149; x_wconf 92' lang='lat' dir='ltr'>in</span> <span class='ocrx_word' id='word_1_62' title='bbox 948 1087 1147 1170; x_wconf 93' lang='lat' dir='ltr'>quibusdam</span> <span class='ocrx_word' id='word_1_63' title='bbox 1172 1097 1229 1150; x_wconf 89' lang='lat' dir='ltr'>aut</span> 
     </span>
     <span class='ocr_line' id='line_1_9' title="bbox 229 1190 1229 1274; baseline 0.002 -22"><span class='ocrx_word' id='word_1_64' title='bbox 229 1190 360 1254; x_wconf 92' lang='lat' dir='ltr'>animus</span> <span class='ocrx_word' id='word_1_65' title='bbox 376 1191 535 1254; x_wconf 77' lang='lat' dir='ltr'>abiectior</span> <span class='ocrx_word' id='word_1_66' title='bbox 551 1201 602 1254; x_wconf 88' lang='lat' dir='ltr'>est</span> <span class='ocrx_word' id='word_1_67' title='bbox 621 1201 678 1254; x_wconf 88' lang='lat' dir='ltr'>aut</span> <span class='ocrx_word' id='word_1_68' title='bbox 700 1199 778 1274; x_wconf 72' lang='lat' dir='ltr'>spes</span> <span class='ocrx_word' id='word_1_69' title='bbox 799 1191 1052 1272; x_wconf 86' lang='lat' dir='ltr'>amplificandae</span> <span class='ocrx_word' id='word_1_70' title='bbox 1073 1192 1229 1255; x_wconf 80' lang='lat' dir='ltr'>fortunae</span> 
     </span>
     <span class='ocr_line' id='line_1_10' title="bbox 228 1289 1230 1378; baseline 0.002 -22"><span class='ocrx_word' id='word_1_71' title='bbox 228 1295 382 1358; x_wconf 74' lang='lat' dir='ltr'>fractior:</span> <span class='ocrx_word' id='word_1_72' title='bbox 406 1303 472 1357; x_wconf 82' lang='lat' dir='ltr'>non</span> <span class='ocrx_word' id='word_1_73' title='bbox 489 1305 540 1358; x_wconf 94' lang='lat' dir='ltr'>est</span> <span class='ocrx_word' id='word_1_74' title='bbox 556 1295 657 1377; x_wconf 90' lang='lat' dir='ltr'>igitur</span> <span class='ocrx_word' id='word_1_75' title='bbox 673 1305 771 1358; x_wconf 92' lang='lat' dir='ltr'>amici</span> <span class='ocrx_word' id='word_1_76' title='bbox 786 1296 887 1358; x_wconf 76' lang='lat' dir='ltr'>talem</span> <span class='ocrx_word' id='word_1_77' title='bbox 905 1315 979 1358; x_wconf 90' lang='lat' dir='ltr'>esse</span> <span class='ocrx_word' id='word_1_78' title='bbox 999 1295 1032 1358; x_wconf 92' lang='lat' dir='ltr'>in</span> <span class='ocrx_word' id='word_1_79' title='bbox 1049 1289 1134 1372; x_wconf 89' lang='lat' dir='ltr'>eum,</span> <span class='ocrx_word' id='word_1_80' title='bbox 1152 1303 1230 1378; x_wconf 78' lang='lat' dir='ltr'>quai-</span> 
     </span>
     <span class='ocr_line' id='line_1_11' title="bbox 178 1399 1231 1482; baseline 0.005 -25"><span class='ocrx_word' id='word_1_81' title='bbox 178 1426 205 1458; x_wconf 90' lang='lat'>10</span> <span class='ocrx_word' id='word_1_82' title='bbox 228 1399 268 1462; x_wconf 92' lang='lat' dir='ltr'>lis</span> <span class='ocrx_word' id='word_1_83' title='bbox 285 1399 339 1462; x_wconf 91' lang='lat' dir='ltr'>ille</span> <span class='ocrx_word' id='word_1_84' title='bbox 355 1399 389 1461; x_wconf 92' lang='lat' dir='ltr'>in</span> <span class='ocrx_word' id='word_1_85' title='bbox 408 1407 444 1462; x_wconf 77' lang='lat' dir='ltr'>se</span> <span class='ocrx_word' id='word_1_86' title='bbox 462 1409 522 1475; x_wconf 89' lang='lat' dir='ltr'>est,</span> <span class='ocrx_word' id='word_1_87' title='bbox 540 1400 599 1462; x_wconf 91' lang='lat' dir='ltr'>sed</span> <span class='ocrx_word' id='word_1_88' title='bbox 621 1399 732 1482; x_wconf 92' lang='lat' dir='ltr'>potius</span> <span class='ocrx_word' id='word_1_89' title='bbox 755 1407 835 1462; x_wconf 80' lang='lat' dir='ltr'>eniti</span> <span class='ocrx_word' id='word_1_90' title='bbox 855 1409 888 1462; x_wconf 87' lang='lat' dir='ltr'>et</span> <span class='ocrx_word' id='word_1_91' title='bbox 909 1399 1040 1464; x_wconf 88' lang='lat' dir='ltr'>efficere</span> <span class='ocrx_word' id='word_1_92' title='bbox 1073 1409 1110 1463; x_wconf 92' lang='lat' dir='ltr'>ut</span> <span class='ocrx_word' id='word_1_93' title='bbox 1133 1409 1231 1463; x_wconf 92' lang='lat' dir='ltr'>amici</span> 
     </span>
     <span class='ocr_line' id='line_1_12' title="bbox 227 1503 1230 1586; baseline 0 -20"><span class='ocrx_word' id='word_1_94' title='bbox 227 1503 392 1566; x_wconf 90' lang='lat' dir='ltr'>iacentem</span> <span class='ocrx_word' id='word_1_95' title='bbox 408 1504 556 1567; x_wconf 93' lang='lat' dir='ltr'>animum</span> <span class='ocrx_word' id='word_1_96' title='bbox 572 1505 692 1568; x_wconf 90' lang='lat' dir='ltr'>excitet</span> <span class='ocrx_word' id='word_1_97' title='bbox 711 1504 914 1586; x_wconf 80' lang='lat' dir='ltr'>inducatque</span> <span class='ocrx_word' id='word_1_98' title='bbox 935 1504 971 1567; x_wconf 85' lang='lat' dir='ltr'>in</span> <span class='ocrx_word' id='word_1_99' title='bbox 992 1525 1087 1586; x_wconf 88' lang='lat' dir='ltr'>spem</span> <span class='ocrx_word' id='word_1_100' title='bbox 1109 1504 1230 1586; x_wconf 74' lang='lat' dir='ltr'>cogita·</span> 
     </span>
     <span class='ocr_line' id='line_1_13' title="bbox 227 1607 1229 1690; baseline 0.002 -20"><span class='ocrx_word' id='word_1_101' title='bbox 227 1608 418 1689; x_wconf 80' lang='lat' dir='ltr'>tionemque</span> <span class='ocrx_word' id='word_1_102' title='bbox 430 1607 609 1670; x_wconf 79' lang='lat' dir='ltr'>meliorem.</span> <span class='ocrx_word' id='word_1_103' title='bbox 646 1608 729 1671; x_wconf 92' lang='lat' dir='ltr'>alius</span> <span class='ocrx_word' id='word_1_104' title='bbox 746 1608 847 1690; x_wconf 87' lang='lat' dir='ltr'>igitur</span> <span class='ocrx_word' id='word_1_105' title='bbox 858 1609 937 1671; x_wconf 85' lang='lat' dir='ltr'>finis</span> <span class='ocrx_word' id='word_1_106' title='bbox 949 1616 1048 1672; x_wconf 74' lang='lat' dir='ltr'>verae</span> <span class='ocrx_word' id='word_1_107' title='bbox 1064 1609 1229 1672; x_wconf 80' lang='lat' dir='ltr'>amicitiae</span> 
     </span>
     <span class='ocr_line' id='line_1_14' title="bbox 228 1711 1229 1794; baseline 0.001 -19"><span class='ocrx_word' id='word_1_108' title='bbox 228 1711 478 1775; x_wconf 79' lang='lat' dir='ltr'>constituendus</span> <span class='ocrx_word' id='word_1_109' title='bbox 495 1721 554 1788; x_wconf 88' lang='lat' dir='ltr'>est,</span> <span class='ocrx_word' id='word_1_110' title='bbox 569 1723 597 1774; x_wconf 94' lang='lat' dir='ltr'>si</span> <span class='ocrx_word' id='word_1_111' title='bbox 612 1712 712 1794; x_wconf 91' lang='lat' dir='ltr'>prius,</span> <span class='ocrx_word' id='word_1_112' title='bbox 731 1711 810 1794; x_wconf 94' lang='lat' dir='ltr'>quid</span> <span class='ocrx_word' id='word_1_113' title='bbox 826 1713 968 1775; x_wconf 77' lang='lat' dir='ltr'>maixime</span> <span class='ocrx_word' id='word_1_114' title='bbox 983 1713 1229 1794; x_wconf 89' lang='lat' dir='ltr'>reprehendere</span> 
     </span>
     <span class='ocr_line' id='line_1_15' title="bbox 228 1814 1230 1898; baseline 0 -18"><span class='ocrx_word' id='word_1_115' title='bbox 228 1815 342 1897; x_wconf 78' lang='lat' dir='ltr'>Scipio</span> <span class='ocrx_word' id='word_1_116' title='bbox 358 1816 473 1879; x_wconf 91' lang='lat' dir='ltr'>solitus</span> <span class='ocrx_word' id='word_1_117' title='bbox 490 1815 541 1892; x_wconf 88' lang='lat' dir='ltr'>sit,</span> <span class='ocrx_word' id='word_1_118' title='bbox 558 1817 690 1879; x_wconf 80' lang='lat' dir='ltr'>dixero:</span> <span class='ocrx_word' id='word_1_119' title='bbox 714 1816 860 1898; x_wconf 79' lang='lat' dir='ltr'>negabat</span> <span class='ocrx_word' id='word_1_120' title='bbox 877 1817 978 1878; x_wconf 81' lang='lat' dir='ltr'>ullam</span> <span class='ocrx_word' id='word_1_121' title='bbox 994 1814 1111 1880; x_wconf 78' lang='lat' dir='ltr'>vocem</span> <span class='ocrx_word' id='word_1_122' title='bbox 1127 1817 1230 1880; x_wconf 93' lang='lat' dir='ltr'>inimi-</span> 
     </span>
     <span class='ocr_line' id='line_1_16' title="bbox 177 1919 1230 2004; baseline -0.005 -16"><span class='ocrx_word' id='word_1_123' title='bbox 177 1940 204 1988; x_wconf 85' lang='grc' dir='ltr'>Ῑ5</span> <span class='ocrx_word' id='word_1_124' title='bbox 227 1919 349 1983; x_wconf 81' lang='lat' dir='ltr'>ciorem</span> <span class='ocrx_word' id='word_1_125' title='bbox 370 1919 533 1983; x_wconf 87' lang='lat' dir='ltr'>amicitiae</span> <span class='ocrx_word' id='word_1_126' title='bbox 553 1920 701 2001; x_wconf 90' lang='lat' dir='ltr'>potuisse</span> <span class='ocrx_word' id='word_1_127' title='bbox 720 1930 858 2002; x_wconf 91' lang='lat' dir='ltr'>reperiri</span> <span class='ocrx_word' id='word_1_128' title='bbox 879 1941 978 2002; x_wconf 94' lang='lat' dir='ltr'>quam</span> <span class='ocrx_word' id='word_1_129' title='bbox 1004 1921 1083 1997; x_wconf 76' lang='lat' dir='ltr'>eius,</span> <span class='ocrx_word' id='word_1_130' title='bbox 1107 1931 1164 2004; x_wconf 95' lang='lat' dir='ltr'>qui</span> <span class='ocrx_word' id='word_1_131' title='bbox 1186 1921 1230 1983; x_wconf 91' lang='lat' dir='ltr'>di-</span> 
     </span>
     <span class='ocr_line' id='line_1_17' title="bbox 227 2023 1228 2106; baseline 0.002 -20"><span class='ocrx_word' id='word_1_132' title='bbox 227 2024 329 2087; x_wconf 91' lang='lat' dir='ltr'>xisset</span> <span class='ocrx_word' id='word_1_133' title='bbox 345 2023 391 2087; x_wconf 90' lang='lat' dir='ltr'>ita</span> <span class='ocrx_word' id='word_1_134' title='bbox 407 2031 519 2087; x_wconf 78' lang='lat' dir='ltr'>amare</span> <span class='ocrx_word' id='word_1_135' title='bbox 532 2031 696 2106; x_wconf 75' lang='lat' dir='ltr'>oportere,</span> <span class='ocrx_word' id='word_1_136' title='bbox 710 2033 747 2087; x_wconf 90' lang='lat' dir='ltr'>ut</span> <span class='ocrx_word' id='word_1_137' title='bbox 760 2033 788 2087; x_wconf 93' lang='lat' dir='ltr'>si</span> <span class='ocrx_word' id='word_1_138' title='bbox 800 2024 979 2106; x_wconf 76' lang='lat' dir='ltr'>aliquandi&gt;</span> <span class='ocrx_word' id='word_1_139' title='bbox 990 2034 1080 2088; x_wconf 91' lang='lat' dir='ltr'>esset</span> <span class='ocrx_word' id='word_1_140' title='bbox 1091 2032 1228 2102; x_wconf 78' lang='lat' dir='ltr'>osdrus;</span> 
     </span>
    </p>
   </div>
   <div class='ocr_carea' id='block_1_3' title="bbox 227 2128 1230 2420">
    <p class='ocr_par' dir='ltr' id='par_1_3' title="bbox 227 2128 1230 2420">
     <span class='ocr_line' id='line_1_18' title="bbox 227 2128 1230 2212; baseline 0 -21"><span class='ocrx_word' id='word_1_141' title='bbox 227 2148 289 2191; x_wconf 90' lang='lat' dir='ltr'>nec</span> <span class='ocrx_word' id='word_1_142' title='bbox 309 2136 389 2191; x_wconf 76' lang='lat' dir='ltr'>vero</span> <span class='ocrx_word' id='word_1_143' title='bbox 412 2136 448 2191; x_wconf 74' lang='lat' dir='ltr'>se</span> <span class='ocrx_word' id='word_1_144' title='bbox 471 2128 594 2192; x_wconf 82' lang='lat' dir='ltr'>adduci</span> <span class='ocrx_word' id='word_1_145' title='bbox 616 2149 725 2210; x_wconf 90' lang='lat' dir='ltr'>posse,</span> <span class='ocrx_word' id='word_1_146' title='bbox 746 2138 783 2192; x_wconf 93' lang='lat' dir='ltr'>ut</span> <span class='ocrx_word' id='word_1_147' title='bbox 806 2129 878 2205; x_wconf 75' lang='lat' dir='ltr'>hoc,</span> <span class='ocrx_word' id='word_1_148' title='bbox 903 2148 1003 2212; x_wconf 90' lang='lat' dir='ltr'>quem</span> <span class='ocrx_word' id='word_1_149' title='bbox 1026 2129 1069 2192; x_wconf 89' lang='lat' dir='ltr'>ad</span> <span class='ocrx_word' id='word_1_150' title='bbox 1094 2130 1230 2194; x_wconf 95' lang='lat' dir='ltr'>modum</span> 
     </span>
     <span class='ocr_line' id='line_1_19' title="bbox 227 2232 1230 2316; baseline 0.002 -21"><span class='ocrx_word' id='word_1_151' title='bbox 227 2239 409 2314; x_wconf 74' lang='lat' dir='ltr'>putaretur,</span> <span class='ocrx_word' id='word_1_152' title='bbox 426 2239 446 2294; x_wconf 75' lang='lat' dir='ltr'>a</span> <span class='ocrx_word' id='word_1_153' title='bbox 463 2232 582 2295; x_wconf 84' lang='lat' dir='ltr'>Biante</span> <span class='ocrx_word' id='word_1_154' title='bbox 602 2233 727 2296; x_wconf 90' lang='lat' dir='ltr'>dietum</span> <span class='ocrx_word' id='word_1_155' title='bbox 747 2253 820 2297; x_wconf 91' lang='lat' dir='ltr'>esse</span> <span class='ocrx_word' id='word_1_156' title='bbox 842 2233 1000 2310; x_wconf 72' lang='lat' dir='ltr'>crederet,</span> <span class='ocrx_word' id='word_1_157' title='bbox 1019 2243 1076 2316; x_wconf 95' lang='lat' dir='ltr'>qui</span> <span class='ocrx_word' id='word_1_158' title='bbox 1096 2233 1230 2316; x_wconf 77' lang='lat' dir='ltr'>sapiens</span> 
     </span>
     <span class='ocr_line' id='line_1_20' title="bbox 228 2337 1230 2420; baseline 0.001 -21"><span class='ocrx_word' id='word_1_159' title='bbox 228 2337 361 2401; x_wconf 91' lang='lat' dir='ltr'>habitus</span> <span class='ocrx_word' id='word_1_160' title='bbox 386 2348 475 2402; x_wconf 89' lang='lat' dir='ltr'>esset</span> <span class='ocrx_word' id='word_1_161' title='bbox 500 2346 586 2400; x_wconf 81' lang='lat' dir='ltr'>unus</span> <span class='ocrx_word' id='word_1_162' title='bbox 610 2346 628 2400; x_wconf 76' lang='lat' dir='ltr'>e</span> <span class='ocrx_word' id='word_1_163' title='bbox 652 2347 800 2419; x_wconf 91' lang='lat' dir='ltr'>septem:</span> <span class='ocrx_word' id='word_1_164' title='bbox 832 2337 954 2420; x_wconf 78' lang='lat' dir='ltr'>impuri</span> <span class='ocrx_word' id='word_1_165' title='bbox 976 2339 1148 2402; x_wconf 81' lang='lat' dir='ltr'>cuiusdam</span> <span class='ocrx_word' id='word_1_166' title='bbox 1172 2347 1230 2401; x_wconf 87' lang='lat' dir='ltr'>aut</span> 
     </span>
    </p>
   </div>
   <div class='ocr_carea' id='block_1_4' title="bbox 174 2493 1282 3779">
    <p class='ocr_par' dir='ltr' id='par_1_4' title="bbox 175 2493 1281 3245">
     <span class='ocr_line' id='line_1_21' title="bbox 175 2493 1281 2557; baseline 0 -15"><span class='ocrx_word' id='word_1_167' title='bbox 175 2493 294 2542; x_wconf 80' lang='lat' dir='ltr'>data&#39;rum</span> <span class='ocrx_word' id='word_1_168' title='bbox 303 2493 342 2542; x_wconf 88' lang='lat' dir='ltr'>for</span> <span class='ocrx_word' id='word_1_169' title='bbox 351 2494 394 2543; x_wconf 93' lang='lat' dir='ltr'>the</span> <span class='ocrx_word' id='word_1_170' title='bbox 404 2495 570 2544; x_wconf 88' lang='lat' dir='ltr'>credits-1.</span> <span class='ocrx_word' id='word_1_171' title='bbox 583 2494 715 2553; x_wconf 79' lang='lat' dir='ltr'>divitior,</span> <span class='ocrx_word' id='word_1_172' title='bbox 741 2500 776 2542; x_wconf 81' lang='lat' dir='ltr'>est</span> <span class='ocrx_word' id='word_1_173' title='bbox 796 2493 876 2557; x_wconf 87' lang='lat' dir='ltr'>might</span> <span class='ocrx_word' id='word_1_174' title='bbox 895 2494 928 2542; x_wconf 89' lang='lat' dir='ltr'>be</span> <span class='ocrx_word' id='word_1_175' title='bbox 949 2493 1060 2544; x_wconf 82' lang='lat' dir='ltr'>referred</span> <span class='ocrx_word' id='word_1_176' title='bbox 1079 2500 1106 2543; x_wconf 87' lang='lat' dir='ltr'>to</span> <span class='ocrx_word' id='word_1_177' title='bbox 1126 2499 1210 2554; x_wconf 72' lang='lat' dir='ltr'>amici,</span> <span class='ocrx_word' id='word_1_178' title='bbox 1230 2494 1281 2543; x_wconf 89' lang='lat' dir='ltr'>and</span> 
     </span>
     <span class='ocr_line' id='line_1_22' title="bbox 175 2569 1281 2620; baseline 0.002 -3"><span class='ocrx_word' id='word_1_179' title='bbox 175 2569 218 2618; x_wconf 91' lang='lat' dir='ltr'>the</span> <span class='ocrx_word' id='word_1_180' title='bbox 230 2585 347 2618; x_wconf 90' lang='lat' dir='ltr'>common</span> <span class='ocrx_word' id='word_1_181' title='bbox 359 2570 423 2619; x_wconf 84' lang='lat' dir='ltr'>form</span> <span class='ocrx_word' id='word_1_182' title='bbox 437 2571 462 2619; x_wconf 93' lang='lat' dir='ltr'>in</span> <span class='ocrx_word' id='word_1_183' title='bbox 474 2571 562 2620; x_wconf 87' lang='lat' dir='ltr'>Cicero</span> <span class='ocrx_word' id='word_1_184' title='bbox 575 2571 613 2619; x_wconf 93' lang='lat' dir='ltr'>for</span> <span class='ocrx_word' id='word_1_185' title='bbox 630 2571 715 2619; x_wconf 81' lang='lat' dir='ltr'>ditior.</span> <span class='ocrx_word' id='word_1_186' title='bbox 741 2570 849 2618; x_wconf 82' lang='lat' dir='ltr'>because</span> <span class='ocrx_word' id='word_1_187' title='bbox 862 2571 904 2618; x_wconf 92' lang='lat' dir='ltr'>the</span> <span class='ocrx_word' id='word_1_188' title='bbox 916 2586 973 2618; x_wconf 87' lang='lat' dir='ltr'>eum</span> <span class='ocrx_word' id='word_1_189' title='bbox 987 2585 1014 2619; x_wconf 87' lang='lat' dir='ltr'>as</span> <span class='ocrx_word' id='word_1_190' title='bbox 1027 2586 1060 2619; x_wconf 89' lang='lat' dir='ltr'>an</span> <span class='ocrx_word' id='word_1_191' title='bbox 1073 2571 1224 2620; x_wconf 85' lang='lat' dir='ltr'>antecedent</span> <span class='ocrx_word' id='word_1_192' title='bbox 1237 2570 1281 2619; x_wconf 90' lang='lat' dir='ltr'>be-</span> 
     </span>
     <span class='ocr_line' id='line_1_23' title="bbox 175 2645 1280 2709; baseline 0 -14"><span class='ocrx_word' id='word_1_193' title='bbox 175 2659 239 2706; x_wconf 81' lang='grc'>-4,</span> <span class='ocrx_word' id='word_1_194' title='bbox 251 2647 391 2696; x_wconf 79' lang='lat' dir='ltr'>excidat.</span> <span class='ocrx_word' id='word_1_195' title='bbox 402 2683 408 2696; x_wconf 90' lang='lat'><strong>.</strong></span> <span class='ocrx_word' id='word_1_196' title='bbox 419 2684 424 2696; x_wconf 92' lang='lat'>.</span> <span class='ocrx_word' id='word_1_197' title='bbox 434 2647 549 2696; x_wconf 77' lang='lat' dir='ltr'>astruat</span> <span class='ocrx_word' id='word_1_198' title='bbox 560 2683 565 2696; x_wconf 94' lang='lat'>.</span> <span class='ocrx_word' id='word_1_199' title='bbox 576 2684 582 2696; x_wconf 92' lang='lat'><strong>.</strong></span> <span class='ocrx_word' id='word_1_200' title='bbox 592 2683 598 2696; x_wconf 90' lang='lat'>.</span> <span class='ocrx_word' id='word_1_201' title='bbox 608 2659 714 2709; x_wconf 80' lang='lat' dir='ltr'>conge·</span> <span class='ocrx_word' id='word_1_202' title='bbox 742 2661 826 2694; x_wconf 86' lang='lat' dir='ltr'>comes</span> <span class='ocrx_word' id='word_1_203' title='bbox 844 2645 1026 2709; x_wconf 84' lang='lat' dir='ltr'>distinguished</span> <span class='ocrx_word' id='word_1_204' title='bbox 1045 2647 1108 2695; x_wconf 89' lang='lat' dir='ltr'>from</span> <span class='ocrx_word' id='word_1_205' title='bbox 1127 2651 1207 2695; x_wconf 79' lang='lat' dir='ltr'>amica·</span> <span class='ocrx_word' id='word_1_206' title='bbox 1221 2646 1280 2696; x_wconf 90' lang='lat' dir='ltr'>defi·</span> 
     </span>
     <span class='ocr_line' id='line_1_24' title="bbox 175 2721 1278 2786; baseline 0.002 -16"><span class='ocrx_word' id='word_1_207' title='bbox 175 2724 267 2782; x_wconf 69' lang='lat' dir='ltr'>rdtur,</span> <span class='ocrx_word' id='word_1_208' title='bbox 279 2723 368 2784; x_wconf 87' lang='lat' dir='ltr'>figures</span> <span class='ocrx_word' id='word_1_209' title='bbox 380 2724 457 2772; x_wconf 88' lang='lat' dir='ltr'>taken</span> <span class='ocrx_word' id='word_1_210' title='bbox 467 2723 530 2771; x_wconf 88' lang='lat' dir='ltr'>from</span> <span class='ocrx_word' id='word_1_211' title='bbox 539 2724 582 2772; x_wconf 86' lang='lat' dir='ltr'>the</span> <span class='ocrx_word' id='word_1_212' title='bbox 591 2739 714 2772; x_wconf 87' lang='lat' dir='ltr'>measure-</span> <span class='ocrx_word' id='word_1_213' title='bbox 742 2721 819 2784; x_wconf 86' lang='lat' dir='ltr'>nitely</span> <span class='ocrx_word' id='word_1_214' title='bbox 834 2737 862 2770; x_wconf 88' lang='lat' dir='ltr'>as</span> <span class='ocrx_word' id='word_1_215' title='bbox 877 2723 946 2771; x_wconf 87' lang='lat' dir='ltr'>‘that</span> <span class='ocrx_word' id='word_1_216' title='bbox 964 2724 1029 2772; x_wconf 67' lang='lat' dir='ltr'>one)</span> <span class='ocrx_word' id='word_1_217' title='bbox 1063 2723 1101 2772; x_wconf 89' lang='lat' dir='ltr'>Cf.</span> <span class='ocrx_word' id='word_1_218' title='bbox 1118 2724 1192 2786; x_wconf 46' lang='grc' dir='ltr'>Νέᾳ,</span> <span class='ocrx_word' id='word_1_219' title='bbox 1211 2723 1224 2784; x_wconf 64' lang='grc' dir='ltr'><strong>ἓ</strong></span> <span class='ocrx_word' id='word_1_220' title='bbox 1237 2735 1278 2786; x_wconf 83' lang='grc'>93,</span> 
     </span>
     <span class='ocr_line' id='line_1_25' title="bbox 175 2799 1281 2863; baseline 0.01 -17"><span class='ocrx_word' id='word_1_221' title='bbox 175 2805 244 2847; x_wconf 90' lang='lat' dir='ltr'>ment</span> <span class='ocrx_word' id='word_1_222' title='bbox 271 2799 301 2846; x_wconf 94' lang='lat' dir='ltr'>of</span> <span class='ocrx_word' id='word_1_223' title='bbox 325 2799 408 2861; x_wconf 81' lang='lat' dir='ltr'>grain3</span> <span class='ocrx_word' id='word_1_224' title='bbox 441 2801 547 2858; x_wconf 81' lang='lat' dir='ltr'>excidat,</span> <span class='ocrx_word' id='word_1_225' title='bbox 573 2816 588 2848; x_wconf 87' lang='lat' dir='ltr'>a</span> <span class='ocrx_word' id='word_1_226' title='bbox 613 2799 715 2863; x_wconf 89' lang='lat' dir='ltr'>general</span> <span class='ocrx_word' id='word_1_227' title='bbox 741 2814 765 2862; x_wconf 89' lang='lat' dir='ltr'>p.</span> <span class='ocrx_word' id='word_1_228' title='bbox 787 2810 938 2862; x_wconf 84' lang='lat'>375.—10.</span> <span class='ocrx_word' id='word_1_229' title='bbox 962 2799 1039 2848; x_wconf 76' lang='lat' dir='ltr'>sulti</span> <span class='ocrx_word' id='word_1_230' title='bbox 1060 2802 1093 2849; x_wconf 82' lang='lat' dir='ltr'>et</span> <span class='ocrx_word' id='word_1_231' title='bbox 1115 2799 1242 2857; x_wconf 66' lang='lat' dir='ltr'>efficeres</span> <span class='ocrx_word' id='word_1_232' title='bbox 1266 2815 1281 2848; x_wconf 72' lang='lat'>⁸</span> 
     </span>
     <span class='ocr_line' id='line_1_26' title="bbox 176 2874 1279 2940; baseline 0.001 -18"><span class='ocrx_word' id='word_1_233' title='bbox 176 2875 326 2938; x_wconf 87' lang='lat' dir='ltr'>expression,</span> <span class='ocrx_word' id='word_1_234' title='bbox 354 2875 469 2924; x_wconf 91' lang='lat' dir='ltr'>followed</span> <span class='ocrx_word' id='word_1_235' title='bbox 496 2877 528 2938; x_wconf 89' lang='lat' dir='ltr'>by</span> <span class='ocrx_word' id='word_1_236' title='bbox 553 2877 596 2925; x_wconf 88' lang='lat' dir='ltr'>the</span> <span class='ocrx_word' id='word_1_237' title='bbox 621 2875 715 2940; x_wconf 88' lang='lat' dir='ltr'>special</span> <span class='ocrx_word' id='word_1_238' title='bbox 741 2881 792 2923; x_wconf 88' lang='lat' dir='ltr'>sort</span> <span class='ocrx_word' id='word_1_239' title='bbox 808 2874 837 2922; x_wconf 90' lang='lat' dir='ltr'>of</span> <span class='ocrx_word' id='word_1_240' title='bbox 851 2874 1033 2938; x_wconf 86' lang='lat' dir='ltr'>hendiadys,to</span> <span class='ocrx_word' id='word_1_241' title='bbox 1049 2877 1127 2923; x_wconf 83' lang='lat' dir='ltr'>striae</span> <span class='ocrx_word' id='word_1_242' title='bbox 1143 2883 1166 2923; x_wconf 85' lang='lat' dir='ltr'>ta</span> <span class='ocrx_word' id='word_1_243' title='bbox 1183 2891 1279 2923; x_wconf 87' lang='lat' dir='ltr'>arouse.</span> 
     </span>
     <span class='ocr_line' id='line_1_27' title="bbox 176 2950 1281 3018; baseline 0.003 -20"><span class='ocrx_word' id='word_1_244' title='bbox 176 2950 276 3015; x_wconf 61' lang='lat' dir='ltr'>dissuat,</span> <span class='ocrx_word' id='word_1_245' title='bbox 297 2951 355 3000; x_wconf 86' lang='lat' dir='ltr'>‘fall</span> <span class='ocrx_word' id='word_1_246' title='bbox 375 2959 401 3000; x_wconf 93' lang='lat' dir='ltr'>to</span> <span class='ocrx_word' id='word_1_247' title='bbox 422 2952 464 3000; x_wconf 92' lang='lat' dir='ltr'>the</span> <span class='ocrx_word' id='word_1_248' title='bbox 485 2953 599 3015; x_wconf 87' lang='lat' dir='ltr'>ground,&#39;</span> <span class='ocrx_word' id='word_1_249' title='bbox 617 2953 667 3002; x_wconf 92' lang='lat' dir='ltr'>and</span> <span class='ocrx_word' id='word_1_250' title='bbox 684 2953 715 3000; x_wconf 91' lang='lat' dir='ltr'>its</span> <span class='ocrx_word' id='word_1_251' title='bbox 741 2963 822 3000; x_wconf 87' lang='lat'>-12.</span> <span class='ocrx_word' id='word_1_252' title='bbox 845 2951 930 3011; x_wconf 78' lang='lat' dir='ltr'>allus,</span> <span class='ocrx_word' id='word_1_253' title='bbox 956 2951 1171 3018; x_wconf 72' lang='lat' dir='ltr'>different-16.</span> <span class='ocrx_word' id='word_1_254' title='bbox 1197 2954 1281 3001; x_wconf 76' lang='lat' dir='ltr'>esset</span> 
     </span>
     <span class='ocr_line' id='line_1_28' title="bbox 176 3026 1280 3092; baseline 0.002 -19"><span class='ocrx_word' id='word_1_255' title='bbox 176 3027 298 3090; x_wconf 90' lang='lat' dir='ltr'>opposite,</span> <span class='ocrx_word' id='word_1_256' title='bbox 316 3027 472 3090; x_wconf 78' lang='lat' dir='ltr'>congeratur.</span> <span class='ocrx_word' id='word_1_257' title='bbox 519 3029 593 3078; x_wconf 89' lang='lat' dir='ltr'>Some</span> <span class='ocrx_word' id='word_1_258' title='bbox 617 3028 716 3092; x_wconf 88' lang='lat' dir='ltr'>explain</span> <span class='ocrx_word' id='word_1_259' title='bbox 742 3026 865 3091; x_wconf 62' lang='lat' dir='ltr'>badius:</span> <span class='ocrx_word' id='word_1_260' title='bbox 886 3028 928 3076; x_wconf 92' lang='lat' dir='ltr'>the</span> <span class='ocrx_word' id='word_1_261' title='bbox 940 3027 1036 3091; x_wconf 88' lang='lat' dir='ltr'>subject</span> <span class='ocrx_word' id='word_1_262' title='bbox 1053 3028 1073 3076; x_wconf 93' lang='lat' dir='ltr'>is</span> <span class='ocrx_word' id='word_1_263' title='bbox 1090 3028 1132 3076; x_wconf 92' lang='lat' dir='ltr'>the</span> <span class='ocrx_word' id='word_1_264' title='bbox 1150 3028 1280 3076; x_wconf 88' lang='lat' dir='ltr'>indefinite</span> 
     </span>
     <span class='ocr_line' id='line_1_29' title="bbox 175 3103 1280 3169; baseline 0.002 -19"><span class='ocrx_word' id='word_1_265' title='bbox 175 3103 276 3151; x_wconf 81' lang='lat' dir='ltr'>excidat</span> <span class='ocrx_word' id='word_1_266' title='bbox 297 3105 347 3152; x_wconf 87' lang='lat' dir='ltr'>and</span> <span class='ocrx_word' id='word_1_267' title='bbox 370 3110 522 3168; x_wconf 71' lang='lat' dir='ltr'>congeratur</span> <span class='ocrx_word' id='word_1_268' title='bbox 544 3104 573 3152; x_wconf 90' lang='lat' dir='ltr'>of</span> <span class='ocrx_word' id='word_1_269' title='bbox 592 3106 644 3167; x_wconf 89' lang='lat' dir='ltr'>dry,</span> <span class='ocrx_word' id='word_1_270' title='bbox 665 3106 716 3153; x_wconf 93' lang='lat' dir='ltr'>and</span> <span class='ocrx_word' id='word_1_271' title='bbox 741 3105 806 3168; x_wconf 82' lang='lat' dir='ltr'>quis,</span> <span class='ocrx_word' id='word_1_272' title='bbox 832 3110 858 3152; x_wconf 92' lang='lat' dir='ltr'>to</span> <span class='ocrx_word' id='word_1_273' title='bbox 884 3104 916 3153; x_wconf 86' lang='lat' dir='ltr'>be</span> <span class='ocrx_word' id='word_1_274' title='bbox 942 3105 1057 3169; x_wconf 90' lang='lat' dir='ltr'>supplied</span> <span class='ocrx_word' id='word_1_275' title='bbox 1084 3104 1147 3152; x_wconf 91' lang='lat' dir='ltr'>from</span> <span class='ocrx_word' id='word_1_276' title='bbox 1173 3110 1280 3160; x_wconf 58' lang='lat' dir='ltr'>amaru</span> 
     </span>
     <span class='ocr_line' id='line_1_30' title="bbox 175 3178 1281 3245; baseline 0.003 -19"><span class='ocrx_word' id='word_1_277' title='bbox 175 3178 271 3243; x_wconf 80' lang='lat' dir='ltr'>de&#39;stuat</span> <span class='ocrx_word' id='word_1_278' title='bbox 281 3179 309 3226; x_wconf 93' lang='lat' dir='ltr'>of</span> <span class='ocrx_word' id='word_1_279' title='bbox 318 3179 404 3244; x_wconf 92' lang='lat' dir='ltr'>liquid,</span> <span class='ocrx_word' id='word_1_280' title='bbox 417 3196 536 3230; x_wconf 89' lang='lat' dir='ltr'>measure.</span> <span class='ocrx_word' id='word_1_281' title='bbox 741 3181 799 3229; x_wconf 95' lang='lat' dir='ltr'>with</span> <span class='ocrx_word' id='word_1_282' title='bbox 829 3195 862 3228; x_wconf 90' lang='lat' dir='ltr'>an</span> <span class='ocrx_word' id='word_1_283' title='bbox 890 3180 1018 3239; x_wconf 85' lang='lat' dir='ltr'>infinitive,</span> <span class='ocrx_word' id='word_1_284' title='bbox 1048 3198 1127 3245; x_wconf 84' lang='lat' dir='ltr'>quem,</span> <span class='ocrx_word' id='word_1_285' title='bbox 1154 3182 1235 3240; x_wconf 83' lang='lat' dir='ltr'>⁴one,&#39;</span> <span class='ocrx_word' id='word_1_286' title='bbox 1261 3181 1281 3229; x_wconf 89' lang='lat' dir='ltr'>is</span> 
     </span>
    </p>

    <p class='ocr_par' dir='ltr' id='par_1_5' title="bbox 174 3254 1282 3779">
     <span class='ocr_line' id='line_1_31' title="bbox 225 3254 1280 3322; baseline 0.002 -19"><span class='ocrx_word' id='word_1_287' title='bbox 225 3254 249 3304; x_wconf 85' lang='lat'>6.</span> <span class='ocrx_word' id='word_1_288' title='bbox 268 3255 377 3305; x_wconf 82' lang='lat' dir='ltr'>faeiat:</span> <span class='ocrx_word' id='word_1_289' title='bbox 402 3257 433 3305; x_wconf 91' lang='lat' dir='ltr'>cf.</span> <span class='ocrx_word' id='word_1_290' title='bbox 454 3257 497 3305; x_wconf 91' lang='lat' dir='ltr'>the</span> <span class='ocrx_word' id='word_1_291' title='bbox 518 3257 716 3322; x_wconf 87' lang='lat' dir='ltr'>corresponding</span> <span class='ocrx_word' id='word_1_292' title='bbox 741 3256 936 3306; x_wconf 86' lang='lat' dir='ltr'>omitted—18.</span> <span class='ocrx_word' id='word_1_293' title='bbox 949 3258 1104 3316; x_wconf 80' lang='lat' dir='ltr'>Biante,of</span> <span class='ocrx_word' id='word_1_294' title='bbox 1114 3258 1210 3306; x_wconf 89' lang='lat' dir='ltr'>Priene.</span> <span class='ocrx_word' id='word_1_295' title='bbox 1233 3257 1280 3307; x_wconf 87' lang='lat' dir='ltr'>See</span> 
     </span>
     <span class='ocr_line' id='line_1_32' title="bbox 175 3330 1281 3398; baseline 0.003 -19"><span class='ocrx_word' id='word_1_296' title='bbox 175 3330 259 3380; x_wconf 88' lang='lat' dir='ltr'>clause</span> <span class='ocrx_word' id='word_1_297' title='bbox 278 3332 305 3379; x_wconf 93' lang='lat' dir='ltr'>in</span> <span class='ocrx_word' id='word_1_298' title='bbox 326 3333 393 3397; x_wconf 61' lang='lat'>556,</span> <span class='ocrx_word' id='word_1_299' title='bbox 413 3333 496 3381; x_wconf 89' lang='lat' dir='ltr'>where</span> <span class='ocrx_word' id='word_1_300' title='bbox 517 3334 560 3382; x_wconf 91' lang='lat' dir='ltr'>the</span> <span class='ocrx_word' id='word_1_301' title='bbox 580 3334 715 3383; x_wconf 88' lang='lat' dir='ltr'>indicative</span> <span class='ocrx_word' id='word_1_302' title='bbox 741 3335 807 3383; x_wconf 91' lang='lat' dir='ltr'>Dict.</span> <span class='ocrx_word' id='word_1_303' title='bbox 824 3334 896 3398; x_wconf 90' lang='lat' dir='ltr'>Biog.</span> <span class='ocrx_word' id='word_1_304' title='bbox 931 3335 986 3383; x_wconf 91' lang='lat' dir='ltr'>The</span> <span class='ocrx_word' id='word_1_305' title='bbox 1003 3335 1091 3397; x_wconf 86' lang='lat' dir='ltr'>saying</span> <span class='ocrx_word' id='word_1_306' title='bbox 1108 3334 1128 3382; x_wconf 92' lang='lat' dir='ltr'>is</span> <span class='ocrx_word' id='word_1_307' title='bbox 1146 3334 1281 3382; x_wconf 85' lang='lat' dir='ltr'>attributed</span> 
     </span>
     <span class='ocr_line' id='line_1_33' title="bbox 174 3408 1281 3476; baseline 0.004 -22"><span class='ocrx_word' id='word_1_308' title='bbox 174 3408 314 3473; x_wconf 80' lang='lat' dir='ltr'>sacitcalls</span> <span class='ocrx_word' id='word_1_309' title='bbox 329 3409 453 3458; x_wconf 86' lang='lat' dir='ltr'>attention</span> <span class='ocrx_word' id='word_1_310' title='bbox 469 3417 495 3458; x_wconf 89' lang='lat' dir='ltr'>to</span> <span class='ocrx_word' id='word_1_311' title='bbox 513 3411 556 3458; x_wconf 85' lang='lat' dir='ltr'>the</span> <span class='ocrx_word' id='word_1_312' title='bbox 574 3411 715 3459; x_wconf 87' lang='lat' dir='ltr'>estimation</span> <span class='ocrx_word' id='word_1_313' title='bbox 741 3411 773 3474; x_wconf 92' lang='lat' dir='ltr'>by</span> <span class='ocrx_word' id='word_1_314' title='bbox 796 3411 891 3476; x_wconf 84' lang='lat' dir='ltr'>Gellius</span> <span class='ocrx_word' id='word_1_315' title='bbox 916 3410 1001 3474; x_wconf 84' lang='lat' dir='ltr'>(Nact.</span> <span class='ocrx_word' id='word_1_316' title='bbox 1024 3413 1074 3459; x_wconf 73' lang='lat' dir='ltr'>All.</span> <span class='ocrx_word' id='word_1_317' title='bbox 1099 3411 1118 3457; x_wconf 96' lang='grc' dir='ltr'>Ι.</span> <span class='ocrx_word' id='word_1_318' title='bbox 1144 3423 1166 3472; x_wconf 91' lang='lat'>3,</span> <span class='ocrx_word' id='word_1_319' title='bbox 1189 3409 1231 3472; x_wconf 88' lang='lat'>14)</span> <span class='ocrx_word' id='word_1_320' title='bbox 1254 3417 1281 3458; x_wconf 87' lang='lat' dir='ltr'>to</span> 
     </span>
     <span class='ocr_line' id='line_1_34' title="bbox 175 3483 1282 3552; baseline 0.004 -22"><span class='ocrx_word' id='word_1_321' title='bbox 175 3483 258 3532; x_wconf 92' lang='lat' dir='ltr'>which</span> <span class='ocrx_word' id='word_1_322' title='bbox 285 3500 333 3532; x_wconf 92' lang='lat' dir='ltr'>one</span> <span class='ocrx_word' id='word_1_323' title='bbox 360 3485 405 3533; x_wconf 91' lang='lat' dir='ltr'>has</span> <span class='ocrx_word' id='word_1_324' title='bbox 432 3486 538 3549; x_wconf 88' lang='lat' dir='ltr'>actually</span> <span class='ocrx_word' id='word_1_325' title='bbox 564 3487 660 3535; x_wconf 85' lang='lat' dir='ltr'>formed</span> <span class='ocrx_word' id='word_1_326' title='bbox 689 3487 718 3536; x_wconf 92' lang='lat' dir='ltr'>of</span> <span class='ocrx_word' id='word_1_327' title='bbox 741 3487 841 3546; x_wconf 90' lang='lat' dir='ltr'>Chilon,</span> <span class='ocrx_word' id='word_1_328' title='bbox 852 3489 900 3536; x_wconf 77' lang='lat' dir='ltr'>hac</span> <span class='ocrx_word' id='word_1_329' title='bbox 909 3488 973 3552; x_wconf 81' lang='lat' dir='ltr'>fim‘</span> <span class='ocrx_word' id='word_1_330' title='bbox 985 3491 1054 3535; x_wconf 70' lang='lat' dir='ltr'>amis</span> <span class='ocrx_word' id='word_1_331' title='bbox 1070 3494 1200 3549; x_wconf 71' lang='lat' dir='ltr'>tortaquam</span> <span class='ocrx_word' id='word_1_332' title='bbox 1212 3487 1282 3551; x_wconf 73' lang='lat' dir='ltr'>scrrte</span> 
     </span>
     <span class='ocr_line' id='line_1_35' title="bbox 175 3559 1281 3629; baseline 0.004 -22"><span class='ocrx_word' id='word_1_333' title='bbox 175 3559 282 3609; x_wconf 89' lang='lat' dir='ltr'>himself.</span> <span class='ocrx_word' id='word_1_334' title='bbox 292 3574 352 3623; x_wconf 90' lang='lat'>-9.</span> <span class='ocrx_word' id='word_1_335' title='bbox 368 3573 445 3622; x_wconf 80' lang='lat' dir='ltr'>eum,</span> <span class='ocrx_word' id='word_1_336' title='bbox 461 3563 520 3611; x_wconf 81' lang='lat' dir='ltr'>such</span> <span class='ocrx_word' id='word_1_337' title='bbox 536 3580 573 3611; x_wconf 91' lang='lat' dir='ltr'>an</span> <span class='ocrx_word' id='word_1_338' title='bbox 589 3579 641 3612; x_wconf 89' lang='lat' dir='ltr'>ane.</span> <span class='ocrx_word' id='word_1_339' title='bbox 670 3564 716 3612; x_wconf 83' lang='lat' dir='ltr'>Ille</span> <span class='ocrx_word' id='word_1_340' title='bbox 741 3565 854 3629; x_wconf 71' lang='lat' dir='ltr'>fiaraind</span> <span class='ocrx_word' id='word_1_341' title='bbox 865 3569 964 3622; x_wconf 62' lang='lat' dir='ltr'>risurus,</span> <span class='ocrx_word' id='word_1_342' title='bbox 978 3564 1025 3611; x_wconf 75' lang='lat' dir='ltr'>hac</span> <span class='ocrx_word' id='word_1_343' title='bbox 1039 3563 1126 3611; x_wconf 80' lang='lat' dir='ltr'>itidem</span> <span class='ocrx_word' id='word_1_344' title='bbox 1141 3567 1213 3610; x_wconf 84' lang='lat' dir='ltr'>tenus</span> <span class='ocrx_word' id='word_1_345' title='bbox 1227 3563 1281 3611; x_wconf 78' lang='lat' dir='ltr'>ade-</span> 
     </span>
     <span class='ocr_line' id='line_1_36' title="bbox 176 3635 1277 3705; baseline 0.003 -21"><span class='ocrx_word' id='word_1_346' title='bbox 176 3635 197 3684; x_wconf 86' lang='lat' dir='ltr'>is</span> <span class='ocrx_word' id='word_1_347' title='bbox 215 3638 276 3686; x_wconf 87' lang='lat' dir='ltr'>used</span> <span class='ocrx_word' id='word_1_348' title='bbox 295 3637 320 3685; x_wconf 93' lang='lat' dir='ltr'>in</span> <span class='ocrx_word' id='word_1_349' title='bbox 339 3638 383 3686; x_wconf 86' lang='lat' dir='ltr'>the</span> <span class='ocrx_word' id='word_1_350' title='bbox 403 3645 461 3686; x_wconf 87' lang='lat' dir='ltr'>next</span> <span class='ocrx_word' id='word_1_351' title='bbox 485 3639 575 3697; x_wconf 91' lang='lat' dir='ltr'>clause,</span> <span class='ocrx_word' id='word_1_352' title='bbox 595 3639 716 3702; x_wconf 84' lang='lat' dir='ltr'>referring</span> <span class='ocrx_word' id='word_1_353' title='bbox 742 3641 780 3688; x_wconf 83' lang='lat' dir='ltr'>ris</span> <span class='ocrx_word' id='word_1_354' title='bbox 796 3647 926 3704; x_wconf 80' lang='lat' dir='ltr'>tamquam</span> <span class='ocrx_word' id='word_1_355' title='bbox 940 3641 1048 3705; x_wconf 75' lang='lat' dir='ltr'>fiartdsse</span> <span class='ocrx_word' id='word_1_356' title='bbox 1062 3645 1119 3704; x_wconf 78' lang='lat' dir='ltr'>past</span> <span class='ocrx_word' id='word_1_357' title='bbox 1134 3644 1277 3688; x_wconf 76' lang='lat' dir='ltr'>amatairus.</span> 
     </span>
     <span class='ocr_line' id='line_1_37' title="bbox 175 3714 1282 3779; baseline 0.002 -17"><span class='ocrx_word' id='word_1_358' title='bbox 175 3719 202 3762; x_wconf 87' lang='lat' dir='ltr'>to</span> <span class='ocrx_word' id='word_1_359' title='bbox 222 3729 289 3774; x_wconf 86' lang='lat' dir='ltr'>eum,</span> <span class='ocrx_word' id='word_1_360' title='bbox 310 3729 338 3763; x_wconf 86' lang='lat' dir='ltr'>as</span> <span class='ocrx_word' id='word_1_361' title='bbox 355 3714 487 3764; x_wconf 87' lang='lat' dir='ltr'>otherwise</span> <span class='ocrx_word' id='word_1_362' title='bbox 505 3715 548 3765; x_wconf 89' lang='lat' dir='ltr'>the</span> <span class='ocrx_word' id='word_1_363' title='bbox 572 3714 667 3778; x_wconf 87' lang='lat' dir='ltr'>subject</span> <span class='ocrx_word' id='word_1_364' title='bbox 690 3717 718 3765; x_wconf 94' lang='lat' dir='ltr'>of</span> <span class='ocrx_word' id='word_1_365' title='bbox 741 3745 774 3754; x_wconf 96' lang='lat'><em>-</em></span> <span class='ocrx_word' id='word_1_366' title='bbox 784 3730 821 3779; x_wconf 91' lang='lat'>19.</span> <span class='ocrx_word' id='word_1_367' title='bbox 833 3717 951 3778; x_wconf 77' lang='lat' dir='ltr'>impuri,</span> <span class='ocrx_word' id='word_1_368' title='bbox 963 3715 1058 3774; x_wconf 80' lang='lat' dir='ltr'>sordid,</span> <span class='ocrx_word' id='word_1_369' title='bbox 1070 3716 1125 3764; x_wconf 84' lang='lat' dir='ltr'>base</span> <span class='ocrx_word' id='word_1_370' title='bbox 1140 3715 1252 3775; x_wconf 82' lang='lat' dir='ltr'>minded,</span> <span class='ocrx_word' id='word_1_371' title='bbox 1266 3731 1282 3764; x_wconf 83' lang='lat' dir='ltr'>a</span> 
     </span>
    </p>
   </div>
   <div class='ocr_carea' id='block_1_5' title="bbox 0 0 1480 4150">
    <p class='ocr_par' dir='ltr' id='par_1_6' title="bbox 0 0 1480 4150">
     <span class='ocr_line' id='line_1_38' title="bbox 0 0 1480 4150; baseline 0 0"><span class='ocrx_word' id='word_1_372' title='bbox 0 0 1480 4150; x_wconf 95' lang='lat' dir='ltr'> </span> 
     </span>
    </p>
   </div>
  </div>
 </body>
</html>
