2952 4150
216 281 259 366 96
695 291 844 347 tremus

269 460 404 517 sensum
420 459 460 517 aie
471 452 686 530 voluntatem,
701 454 760 517 sed
776 453 876 517 etiam
890 453 1018 516 vultum
1035 462 1134 536 atque
1150 461 1269 518 mitum

268 557 471 622 convertitur
482 558 492 620 ?

268 705 372 778 negat
387 694 469 778 quis,
487 703 591 778 negiu
612 695 666 773 ait,
684 695 751 774 aio;
773 703 943 780 postremo
958 695 1120 780 imperavi
1135 705 1269 778 egomet

325 799 408 862 mihi

231 924 245 973 5
268 903 380 968 omnia
396 902 572 979 adsentiri,

268 1050 305 1104 ut
321 1040 366 1103 ait
381 1041 469 1103 idem
485 1039 672 1116 Terentius
698 1041 757 1104 sed
778 1040 832 1104 ille
854 1040 888 1103 in
908 1041 1095 1106 Gnathonis
1115 1048 1267 1122 persona,

268 1145 357 1227 quod
391 1154 489 1207 amici
521 1165 628 1226 genus
663 1145 821 1208 adhibere
855 1153 991 1209 omnino
1028 1145 1170 1209 levitatis
1207 1155 1266 1208 est.

268 1248 364 1311 multi
386 1257 496 1311 autem
522 1248 739 1310 Gnathonum
763 1248 886 1312 similes
910 1269 985 1312 cum
1010 1249 1076 1312 sint
1100 1249 1182 1325 loco,
1207 1250 1270 1312 for·
1284 1259 1321 1309 94

267 1359 359 1427 tima,
377 1352 469 1414 iamai
488 1352 684 1433 superiores,
705 1351 823 1414 horum
842 1363 893 1415 est
912 1353 1099 1416 adsentatio
1119 1353 1267 1428 molesta,

218 1483 246 1515 10
268 1476 343 1519 cum
360 1455 403 1518 ad
418 1455 600 1519 vanitatem
617 1455 757 1518 accessit
776 1457 964 1519 auctoritas.
1012 1464 1140 1520 secerni
1158 1466 1270 1520 autem
1285 1467 1320 1518 95

267 1559 411 1623 blandus
427 1568 552 1622 amicus
569 1566 588 1620 ai
606 1567 686 1621 vero
704 1569 737 1622 et
756 1559 936 1623 internosci
955 1570 1023 1623 tam
1045 1570 1157 1642 potest
1179 1561 1270 1623 adhi-

269 1663 337 1727 bita
357 1663 528 1745 diligentia
550 1683 650 1746 quam
671 1663 783 1726 omnia
804 1664 918 1726 ficita
939 1674 972 1728 et
993 1664 1146 1726 simulata
1167 1671 1186 1726 a
1207 1664 1269 1726 sin·

268 1775 352 1832 ceris
382 1777 482 1850 atque
509 1775 604 1829 veris
666 1767 786 1841 contio,
816 1787 902 1849 quae
940 1787 981 1829 ex
1014 1766 1267 1848 imperitissimis

267 1880 407 1948 constat,
424 1881 537 1934 tamen
553 1869 698 1933 iudicare
715 1871 808 1947 solet,
826 1870 905 1953 quid
920 1870 1049 1934 intersit
1065 1870 1151 1933 inter
1167 1891 1269 1952 popu-

218 1997 245 2044 15
267 1977 380 2051 larem,
402 1975 436 2038 id
459 1984 510 2038 est
531 1974 777 2038 adsentatorem
801 1984 834 2037 et
857 1975 964 2038 levem
988 1984 1103 2050 civem,
1126 1983 1159 2037 et
1184 1973 1270 2037 inter

268 2087 477 2144 constantem
494 2088 527 2141 et
544 2086 694 2141 severum
714 2087 748 2141 et
766 2098 912 2160 gravem.
959 2078 1079 2162 quibus
1100 2078 1268 2141 blanditiis
1285 2087 1321 2138 96

269 2183 306 2248 C.
333 2182 483 2265 Papirius
507 2190 615 2263 nuper
639 2183 798 2245 influebat
822 2183 856 2245 in
881 2193 969 2245 auris
994 2181 1168 2258 contionis,
1193 2203 1269 2245 cum

267 2288 372 2351 ferret
391 2287 499 2369 legem
517 2286 559 2348 de
579 2286 721 2348 tribunis
743 2287 786 2368 pl.
809 2287 995 2350 reficiendis
1007 2277 1029 2350 !'
1052 2285 1270 2350 dissuasimus

268 2495 290 2546 3.
308 2485 412 2544 negat:
431 2481 486 2529 The
507 2480 638 2545 quotation
656 2481 677 2529 is
693 2480 756 2528 from
783 2497 882 2530 comma
905 2481 968 2530 after
990 2481 1091 2538 simibs,
1115 2483 1165 2530 and
1188 2480 1322 2545 supplying

217 2560 261 2608 the
275 2559 418 2607 Eunuchus
434 2569 490 2620 252,
505 2569 560 2621 253,
573 2558 623 2605 and
639 2556 660 2604 is
675 2557 701 2604 in
713 2557 757 2605 the
782 2564 848 2605 sunt.
861 2585 894 2593 —
908 2570 945 2606 10.
966 2558 1141 2615 vanitatem,
1159 2557 1194 2605 lit.
1218 2557 1322 2620 ‘empti-

217 2635 328 2684 trochaic
341 2641 484 2682 tetrameter
496 2633 625 2682 catalectic
638 2639 716 2681 meter
783 2648 839 2682 ness
847 2634 865 2692 ’;
886 2633 974 2692 hence,
985 2632 1322 2696 insincerum—auotori-

221 2734 288 2790 (Ν
307 2733 356 2796 >Ι
379 2759 404 2788 υ
424 2758 448 2788 υ
469 2758 494 2788 υ
516 2730 520 2794 Ι
540 2735 571 2786 L
587 2757 611 2787 υ
634 2730 751 2795 Ι->Ι
782 2710 839 2768 tas,
863 2709 905 2758 i.e.
928 2709 971 2758 the
994 2709 1118 2758 influence
1141 2709 1235 2772 arising
1257 2708 1322 2756 from

269 2824 288 2858 s
306 2818 357 2882 >Ι
381 2827 407 2872 >
426 2844 451 2874 υ
471 2844 496 2874 υ
518 2816 522 2880 Ι
550 2821 567 2854 s
590 2843 615 2873 υ
635 2816 639 2882 Ι
662 2836 686 2864 υ
782 2785 894 2849 superior
907 2787 1066 2848 advantages,

309 2904 313 2969 ¹
330 2911 402 2962 ->
421 2904 425 2968 ¹
890 2860 1322 3000 uerte-mum

218 3015 281 3064 -6.
301 3014 445 3077 pentina:
476 3029 518 3062 see
541 3029 575 3062 on
599 3015 613 3074 ξ
636 3028 660 3075 4.
701 3014 756 3062 The
782 3013 863 3062 hence
881 3015 993 3076 opposed
1012 3014 1055 3061 the
1072 3013 1208 3076 optimatis,
1222 3027 1271 3060 was
1285 3011 1323 3060 ior

218 3093 347 3141 character
355 3107 405 3139 was
412 3092 466 3139 that
473 3090 501 3138 of
508 3089 644 3154 aparasite,
653 3090 695 3138 the
703 3106 757 3153 pro·
783 3089 837 3138 that
849 3105 945 3147 reason,
955 3089 980 3136 in
993 3088 1102 3137 Cicero’s
1111 3089 1182 3147 view,
1192 3087 1261 3136 weak
1272 3088 1322 3136 and

217 3167 335 3217 fessional
350 3167 426 3230 jester
438 3168 488 3215 and
503 3169 657 3229 toady.—7.
675 3167 758 3228 quod
783 3165 932 3223 unreliable;
949 3181 964 3212 a
973 3166 1137 3227 demagogue.
1146 3192 1178 3200 —
1189 3165 1225 3212 16.
1238 3164 1324 3213 sev&-

218 3281 224 3294 .
240 3281 246 3294 .
261 3280 267 3294 .
282 3256 385 3306 genus,
407 3260 423 3290 a
443 3249 495 3291 sort
512 3243 543 3307 os
551 3242 650 3308 friend
669 3242 756 3290 which.
782 3254 847 3290 rum
856 3245 889 3290 et
900 3253 1029 3303 gravem,
1038 3241 1065 3288 in
1074 3241 1235 3305 explanatory
1244 3255 1324 3302 appo-

217 3323 259 3369 An
271 3322 422 3369 antecedent
439 3319 459 3367 is
477 3318 546 3367 often
564 3319 685 3366 attracted
704 3318 757 3366 into
783 3317 856 3365 sition
875 3325 900 3365 to
918 3322 1077 3366 constantem.
1115 3317 1171 3365 The
1188 3315 1324 3380 repetition

218 3413 233 3445 a
251 3396 353 3445 relative
374 3396 456 3444 clause
480 3396 505 3442 in
527 3394 609 3452 Latin,
630 3394 710 3442 which
731 3394 757 3441 in
783 3393 812 3440 os
830 3395 897 3441 inter
917 3393 938 3440 is
958 3399 1002 3441 not
1023 3408 1161 3455 necessary,
1180 3392 1224 3440 but
1245 3391 1266 3439 is
1284 3390 1325 3440 ior

219 3472 324 3534 English
336 3473 357 3520 is
368 3479 413 3534 put
431 3472 456 3518 in
474 3471 615 3534 apposition
633 3477 659 3518 to
672 3486 687 3518 a
702 3486 756 3534 pre·
783 3469 914 3518 clearness.

218 3549 310 3610 ceding
322 3564 398 3596 noun.
836 3559 872 3608 17.
890 3545 1040 3606 Paphius:
1060 3560 1102 3592 see
1112 3561 1146 3592 on
1159 3543 1247 3602 Carbo]
1259 3543 1272 3604 ξ
1283 3555 1324 3605 39.

268 3623 291 3672 8.
314 3623 394 3680 1005,
411 3623 508 3687 saneily
526 3623 688 3684 arigim-9.
706 3621 758 3670 ho·
784 3621 978 3679 -fflssuebat,
992 3622 1034 3669 the
1048 3621 1124 3683 figure
1141 3619 1170 3668 os
1184 3620 1227 3669 the
1239 3619 1325 3682 gentle

218 3712 298 3748 rum:
329 3699 360 3748 R.
383 3699 455 3747 reads
477 3703 594 3762 quorum,
618 3698 718 3762 putting
743 3713 758 3745 a
784 3697 828 3746 but
851 3697 946 3760 mighty
967 3696 1050 3746 inflow
1070 3695 1099 3746 oi
1119 3702 1207 3755 water;
1231 3695 1264 3749 cs.
1285 3696 1326 3745 De
