2952 4150
586 303 751 353 enarrare
773 305 843 352 xvl.
1227 310 1268 376 7¹-

216 468 298 546 opes
321 459 591 544 praepotentium
615 461 795 525 excludunt
819 461 980 526 amicitiis
1001 461 1126 526 fidelis:
1151 471 1218 527 non

216 566 305 630 enim
332 565 439 628 solum
466 565 540 647 ipsa
568 566 718 628 Fortuna
744 586 845 629 caeca
866 575 928 642 est,
954 567 1012 630 sed
1036 575 1094 630 eos
1118 567 1218 630 etiam

217 671 413 754 plerumque
436 668 537 732 efficit
560 677 686 744 caecos,
709 678 792 752 quos
816 671 989 751 complexa
1012 680 1081 748 est;
1106 671 1218 755 itaque

216 775 404 839 efferuntur
431 774 501 837 fere
529 773 664 836 fastidio
690 783 724 837 et
750 773 967 850 contumacia,
995 794 1105 858 neque
1133 768 1219 858 q'uic·

179 901 193 947 5
216 899 316 962 quam
339 877 519 960 insipiente
542 878 713 940 fortunito
736 877 975 941 intolerabilius
998 879 1070 941 fieri
1095 889 1217 961 potest.

217 992 317 1066 atque
345 983 408 1045 hoc
435 981 569 1064 quidem
593 980 705 1044 videre
728 981 815 1058 licet,
840 989 906 1057 eos,
932 992 989 1064 qui
1011 992 1110 1046 antea
1133 1004 1219 1047 com-

217 1087 324 1150 modis
347 1085 471 1148 fuerint
494 1085 649 1161 moribus,
673 1085 822 1167 imperio,
847 1093 1021 1167 potestate,
1050 1095 1219 1169 prosperis
1273 1143 1276 1149 .

217 1190 317 1254 rebus
332 1190 508 1266 immutari,
527 1199 640 1272 sperni
657 1189 699 1252 ab
718 1189 758 1252 iis
773 1197 903 1253 veteres
925 1190 1095 1266 amicitias,
1115 1191 1219 1254 indul·
1276 1226 1278 1232 ·

218 1302 289 1377 geri
304 1303 406 1358 novis
450 1293 530 1376 quid
546 1303 657 1357 autem
675 1293 807 1357 stultius
824 1314 934 1376 quam,
948 1315 1024 1357 cum
1040 1295 1219 1376 plurimum
1235 1306 1269 1356 55

167 1426 195 1459 10
217 1397 331 1481 copiis,
345 1397 570 1473 facultatibus
584 1397 704 1479 opibus
716 1397 855 1479 possint,
870 1405 980 1461 cetera
993 1405 1120 1480 parire,
1134 1420 1219 1482 quae

218 1511 378 1585 parantur
402 1501 553 1584 pecuniis,
576 1509 689 1584 equos,
711 1501 865 1578 famulos,
887 1511 1015 1564 vestem
1039 1503 1218 1584 egregiam,

217 1613 299 1670 vasa
326 1605 480 1688 pretiosa,
505 1613 629 1669 amicos
656 1613 724 1668 non
751 1612 879 1688 parire,
904 1605 1064 1687 optimam
1092 1617 1126 1670 et
1152 1607 1222 1689 pul-

218 1709 415 1793 cherrimam
431 1718 528 1785 vitae,
546 1718 583 1772 ut
601 1707 648 1772 ita
666 1709 784 1785 dicam,
803 1709 1065 1790 supellectilem?
1096 1711 1220 1774 etenim

218 1821 329 1878 cetera
355 1833 431 1877 cum
459 1823 587 1895 parant,
617 1823 671 1876 cui
701 1823 820 1895 parent
851 1813 1004 1876 nesciunt
1033 1834 1096 1878 nec
1126 1815 1221 1879 cuius

169 1917 511 1994 1scausalab6rent;
544 1917 615 1980 eius
638 1917 726 1980 enim
750 1926 801 1980 est
824 1916 962 2005 istorum
986 1917 1142 2001 quidque,
1165 1929 1223 2002 qui

218 2021 321 2086 vincit
335 2021 478 2085 viribus:
503 2021 721 2084 amicitiarum
742 2041 802 2084 sua
823 2030 942 2104 cuique
963 2032 1138 2104 permanet
1159 2033 1222 2087 sta-

219 2126 293 2189 bilis
309 2135 343 2190 et
358 2135 449 2190 certa
465 2125 642 2208 possessio,
657 2134 702 2201 ut,
718 2124 820 2188 etiam
836 2135 864 2188 si
879 2125 935 2188 illa
951 2137 1118 2204 maneant,
1136 2147 1221 2210 quae

220 2240 299 2294 sunt
314 2229 411 2312 quasi
431 2230 519 2293 dona
541 2231 720 2306 Fortunae,
742 2239 855 2293 tamen
874 2240 942 2293 vita
964 2230 1090 2294 inculta
1113 2241 1147 2296 et
1169 2232 1222 2295 de

220 2343 309 2398 serta
332 2334 374 2398 ab
398 2343 511 2398 amicis
535 2341 603 2396 non
627 2333 733 2416 possit
756 2353 830 2398 esse
853 2333 1006 2398 iucunda.
1056 2335 1115 2399 sed
1138 2336 1221 2400 haec

169 2466 198 2498 ω
219 2438 391 2502 hactenus.

263 2543 358 2606 XVI.
391 2541 625 2607 Constituendi
640 2551 751 2606 autem
768 2551 854 2618 sunt,
872 2552 929 2625 qui
944 2542 1010 2606 sint
1029 2542 1062 2605 in
1079 2543 1221 2608 amicitiai
1237 2554 1274 2606 56

219 2647 307 2710 fines
323 2656 357 2710 et
375 2646 471 2729 quasi
488 2645 621 2710 termini
642 2646 818 2728 deligendi,
840 2647 882 2710 de
903 2647 1022 2729 quibus
1045 2657 1105 2711 tris
1126 2648 1223 2713 video

169 2874 282 2939 political
304 2875 436 2936 influence,
461 2880 566 2940 ope's.-
579 2888 599 2924 1.
625 2888 708 2937 prae·
735 2875 829 2924 clauses
839 2875 1191 2939 markingacontrast.-16.
1203 2876 1273 2925 ami·

169 2952 348 3012 potantium,
362 2952 501 3017 appositive
517 2952 546 3000 of
560 2953 707 3000 multirum.
735 2951 882 3009 citiarum,
888 2952 1026 3016 appositive
1032 2953 1274 3014 genitive,attracted

170 3028 217 3076 See
241 3044 274 3075 on
297 3029 391 3077 multoe
414 3036 437 3077 et
460 3034 561 3093 mdgm,
585 3029 598 3088 ᾖ
622 3040 661 3090 30.
676 3055 709 3063 -
735 3027 798 3076 from
816 3029 946 3076 amicitiae
964 3045 1032 3076 suae.
1076 3028 1214 3086 Translate,
1232 3028 1276 3076 but

168 3116 191 3163 4.
208 3103 341 3162 ieetidit's,
358 3105 535 3168 hougitiness,·
553 3105 708 3154 eontumit·
735 3104 793 3151 each
805 3104 1033 3169 one’ssriendsiips
1045 3121 1091 3152 are
1102 3121 1118 3152 a
1127 3106 1270 3167 possession.

169 3179 226 3237 cii,
239 3180 580 3246 sels-wili—quiequam:
600 3180 652 3228 like
668 3183 708 3228 ni·
734 3192 811 3244 -17.
829 3184 864 3229 ut
881 3187 1000 3229 connects
1012 3181 1275 3245 grammaticallyper·

168 3255 213 3311 hil,
226 3256 360 3320 quisquam
373 3257 394 3305 is
406 3257 474 3305 osten
492 3258 553 3306 used
568 3257 593 3304 in
605 3256 708 3319 general
735 3263 822 3304 manet
831 3257 880 3304 and
888 3258 972 3319 possit,
985 3256 1030 3306 but
1047 3257 1163 3319 logically
1175 3257 1193 3305 it
1207 3271 1274 3305 sums

169 3332 388 3395 comparisons.-
397 3345 419 3397 5.
438 3333 599 3394 insipiente
615 3332 707 3382 toran-
735 3348 769 3396 up
786 3333 829 3381 the
841 3333 923 3381 whole
940 3334 1044 3391 section,
1057 3334 1157 3380 “What
1171 3333 1191 3380 is
1205 3347 1274 3380 more

168 3407 251 3466 nato,
262 3408 431 3472 opstare—8.
446 3409 547 3470 epemi
556 3445 562 3457 .
572 3445 578 3457 .
589 3444 594 3456 .
604 3409 705 3458 novis:
735 3409 825 3457 ioolish
835 3409 896 3457 than
905 3416 931 3457 to
941 3410 1029 3471 gather
1041 3409 1182 3473 perishable
1191 3408 1276 3470 things

168 3483 306 3533 bracketed
324 3485 356 3547 by
371 3485 408 3544 B,
426 3485 533 3534 because
551 3485 663 3548 wanting
682 3485 708 3532 in
734 3486 785 3534 and
797 3485 897 3547 neglect
909 3485 1054 3548 friendship,
1064 3485 1145 3533 which
1158 3484 1179 3533 is
1191 3500 1206 3532 a
1217 3484 1275 3533 last·

168 3559 211 3607 the
225 3560 336 3608 Parisian
349 3562 397 3609 Ms.
734 3561 779 3624 ing
789 3562 938 3626 possession,
951 3561 1037 3622 seeing
1049 3562 1127 3618 that,”
1140 3568 1185 3610 etc.

222 3648 258 3685 ii.
277 3640 403 3695 vestem,
415 3644 571 3701 topesrry‚-
580 3651 617 3686 12.
638 3637 708 3686 ami·
785 3651 823 3686 22.
840 3638 926 3695 fines,
938 3639 1097 3695 boundaries,
1110 3653 1137 3685 as
1145 3637 1209 3685 lines
1220 3637 1275 3686 that

168 3710 237 3761 ede:
262 3713 401 3776 asyndeton
418 3714 439 3762 is
456 3729 573 3763 common
593 3713 619 3762 in
639 3713 709 3763 short
734 3729 791 3777 may
803 3714 834 3762 be
853 3714 988 3776 changed,
1007 3713 1135 3773 termini,
1149 3714 1235 3772 limis,
1248 3728 1276 3762 as
