2952 4150
205 289 281 342 ,100
693 275 842 332 Lnnrrus
911 245 915 252 ⁸

256 439 416 506 simulans
439 436 630 502 blandiatur
654 445 753 520 atque
778 437 820 500 ad
845 443 1028 500 extremum
1052 435 1110 502 det
1135 439 1255 502 mantis

255 544 409 626 vincique
426 551 461 607 se
477 542 632 625 patiatur,
649 551 686 605 ut
701 541 738 618 is,
756 551 812 624 qul
828 541 955 604 inlusus
971 541 1022 617 sit,
1039 541 1115 625 plus
1130 541 1255 607 vidisse

255 648 415 712 videatur.
462 646 541 729 quid
560 654 670 709 autern
685 645 815 729 turpius
834 665 934 728 quam
949 645 1076 709 inludi?
1114 646 1203 730 quod
1218 655 1256 711 ut

256 760 299 816 ne
314 751 443 816 accidat
458 750 565 834 magis
580 749 765 814 cavendum
781 759 850 813 est:

228 918 243 968 5
332 909 369 962 ut
384 907 437 961 me
453 897 553 962 hodie
568 907 645 961 ante
662 907 770 960 omnis
786 896 931 960 comicos
947 896 1066 961 stultos
1081 904 1180 962 senes

332 1003 475 1067 versaris
492 1011 592 1086 atque
608 1001 779 1064 hilusseris
796 997 986 1064 lautissime.

257 1153 340 1216 haec
366 1150 456 1214 enim
482 1148 583 1214 etiam
609 1148 643 1212 in
669 1148 791 1212 fabulis
818 1147 1013 1212 stultissima
1036 1156 1181 1231 persona
1205 1157 1256 1213 est
1266 1163 1320 1217 100

257 1254 518 1339 improviddrum
535 1263 568 1317 et
584 1253 793 1317 credulorum
811 1272 938 1316 senum.
979 1251 1039 1315 sed
1055 1251 1170 1316 nescio
1190 1261 1256 1335 qud

257 1365 356 1438 pacto
375 1355 417 1418 ab
436 1353 589 1418 amicitiis
611 1353 835 1435 perfectorum
858 1354 1038 1432 hominum,
1056 1355 1157 1420 idest
1173 1355 1257 1440 sapi-

217 1490 245 1524 10
257 1458 485 1523 entium—de
501 1460 564 1522 hac
577 1458 654 1542 dico
669 1457 842 1540 sapientia,
860 1478 946 1540 quae
961 1459 1091 1522 videtur
1106 1460 1138 1523 in
1157 1459 1258 1524 horni-

258 1584 334 1627 nem
350 1563 470 1626 cadere
486 1581 594 1644 posse,
605 1598 648 1608 -
658 1561 700 1624 ad
716 1561 799 1624 levis
814 1562 975 1625 amicitias
991 1563 1126 1626 defluxit
1141 1564 1255 1628 oratio.

257 1688 357 1750 quam
374 1666 416 1730 ob
432 1686 502 1730 rem
522 1665 565 1729 ad
583 1665 640 1729 illa
658 1674 765 1748 prima
780 1665 955 1730 redeamus
971 1685 1077 1750 eaque
1093 1666 1167 1750 ipsa
1182 1688 1258 1732 con·

257 1771 430 1835 cludimus
446 1770 632 1853 aliquando.

301 1877 450 1940 XXVII.
482 1874 607 1950 Virtus,
631 1873 746 1951 virtus,
770 1874 916 1958 inquam,
941 1875 977 1940 C.
1008 1877 1125 1952 Fanni,
1153 1885 1188 1940 et
1209 1883 1255 1954 tu,

152 1983 158 1988 ’
224 2015 250 2063 15
258 1981 299 2064 Q.
319 1981 420 2055 Muci,
438 1988 471 2042 et
488 1977 641 2042 conciliat
657 1979 818 2043 amicitias
834 1989 867 2043 et
883 1987 1077 2058 conservat3
1101 1979 1135 2044 in
1151 1987 1191 2044 ea
1207 1988 1258 2044 est

258 2083 347 2148 enim
370 2081 604 2146 convenientia
626 2089 745 2159 rerum,
763 2083 797 2146 in
820 2090 860 2147 ea
883 2083 1054 2160 stabilitas,
1072 2084 1106 2146 in
1124 2091 1164 2148 ea
1183 2091 1258 2148 con-

258 2189 400 2253 stantia:
424 2209 510 2272 quae
531 2209 607 2253 cum
629 2197 665 2253 se
686 2189 802 2253 extulit
820 2199 854 2253 et
870 2188 1016 2252 ostendit
1032 2209 1128 2251 suum
1144 2189 1257 2252 lumen

23 2353 33 2389 Α
110 2343 117 2362 ,
220 2303 291 2389 ¹et
306 2293 394 2356 idem
411 2293 563 2376 adspexit
578 2293 780 2376 agnovitque
799 2292 833 2355 in
852 2292 925 2368 alio,
943 2292 986 2354 ad
1001 2291 1034 2354 id
1050 2299 1087 2356 se
1102 2291 1258 2356 admovet

64 2447 103 2487 4
128 2369 138 2429 i
167 2431 212 2496 1
257 2396 468 2480 vicissimque
491 2397 612 2486 accipit
634 2396 723 2473 illud,
748 2396 837 2478 quod
860 2395 894 2458 in
918 2394 1022 2460 altero
1044 2405 1104 2472 est,
1129 2415 1170 2458 ex
1191 2402 1258 2477 quo

79 2525 84 2529 ·
217 2501 441 2564 vexardescit
464 2501 533 2565 sive
556 2521 649 2565 amor
671 2499 740 2564 sive
763 2499 914 2564 amicitia.
970 2505 1146 2582 utrumque
1169 2498 1258 2563 enim

218 2697 291 2745 Latin
305 2712 361 2746 uses
376 2704 493 2747 concrete
507 2697 663 2762 expressions
673 2697 757 2746 where
783 2712 853 2760 your
851 2697 1159 2765 singen-inlunem:
1173 2698 1323 2750 Ohasilus·

218 2773 261 2821 the
285 2773 388 2834 English
413 2789 470 2822 uses
492 2774 680 2822 abstract.-1.
703 2773 758 2824 det
782 2774 863 2827 reris:
877 2773 915 2822 lor
923 2773 1015 2823 double
1027 2791 1047 2833 s,
1057 2774 1093 2824 H.
1102 2774 1318 2839 244‚4(240‚4);

217 2850 332 2906 manus,
340 2851 411 2912 gives
423 2850 460 2907 in,
473 2865 487 2897 a
501 2850 591 2913 phrase
603 2849 681 2898 taken
693 2848 757 2898 from
784 2849 819 2898 M.
834 2861 887 2908 101,
901 2863 927 2913 3;
945 2852 977 2900 A.
992 2850 1046 2910 128,
1059 2867 1079 2909 e,
1092 2863 1119 2914 3;
1137 2849 1168 2900 G.
1181 2863 1235 2913 131,
1247 2865 1275 2911 45
1292 2851 1323 2900 L.

218 2924 262 2972 the
290 2940 373 2982 arena,
397 2927 457 2973 used
481 2925 511 2973 of
536 2926 578 2974 the
601 2925 756 2989 vanquished
782 2924 837 2990 887.
868 2926 1167 2990 Cf.Quintilian‚I.7‚20.
1196 2925 1324 2976 Thelines

218 2999 348 3063 gladiator,
359 3000 415 3048 who
427 3001 506 3050 raised
517 3001 556 3049 his
565 3001 634 3050 hand
643 3001 669 3049 in
679 3001 756 3050 token
781 3017 823 3050 are
840 3001 904 3051 from
921 3003 965 3052 the
986 3003 1122 3067 Epiclirus
1141 3001 1169 3051 of
1190 3001 1323 3060 Caecilius,

219 3074 248 3123 os
256 3075 418 3134 submission;
439 3076 471 3124 cf.
486 3092 531 3125 our
548 3077 647 3140 phrase,
663 3077 757 3126 ‘throw
780 3079 831 3127 and
849 3094 892 3127 are
910 3078 1002 3128 iambic
1020 3079 1145 3128 trimeter:

219 3166 253 3215 up
271 3151 313 3199 the
331 3153 519 3216 sponge.'—⁵,
536 3156 585 3201 Ut:
609 3159 639 3200 ul
655 3152 676 3200 18
696 3153 756 3201 used
784 3181 843 3240 >l
891 3182 932 3248 ¹>
976 3181 1069 3247 l>ll
1153 3181 1246 3247 ΙΙ>ΙΙ

218 3226 245 3275 in
264 3226 439 3290 interrogative
460 3229 510 3276 and
533 3227 698 3290 exclamatory
717 3244 758 3276 ex·
820 3209 879 3321 33
893 3263 898 3327 Ι
937 3231 982 3328 “1
993 3231 1070 3328 >ῙΙ
1082 3209 1144 3240 υ““
1154 3263 1159 3327 Ι
1169 3231 1233 3321 >J
1243 3261 1247 3326 Ι
1259 3207 1323 3240 υ·

218 3302 344 3367 pressioris
370 3303 509 3366 indicating
536 3303 579 3351 the
607 3303 758 3368 impatience
853 3313 884 3320 “
907 3290 969 3321 υ*
1025 3312 1057 3320 ··
1083 3290 1145 3320 υ-
1206 3311 1234 3319 ·
1259 3288 1324 3320 ν’·

219 3377 248 3426 of
263 3378 305 3426 the
317 3378 424 3442 speaker
441 3395 469 3427 or
486 3379 529 3428 the
546 3379 720 3443 impossibility
732 3379 760 3427 ol
836 3391 871 3428 12.
888 3379 941 3428 illa
952 3379 1057 3440 prima,
1068 3378 1122 3438 vin,
1135 3379 1178 3428 the
1190 3383 1325 3427 statement

220 3454 262 3503 the
275 3454 347 3516 thing
364 3455 389 3502 in
408 3455 531 3518 question.
564 3455 620 3504 The
632 3462 759 3505 construc-
785 3455 836 3519 ol§
849 3455 889 3520 65,
903 3455 958 3504 that
970 3454 1109 3519 friendship
1126 3470 1174 3504 can
1191 3455 1253 3504 exist
1265 3453 1326 3516 only

219 3529 272 3579 tion
290 3529 311 3578 is
325 3530 451 3594 elliptical.
459 3559 491 3567 -
499 3543 521 3596 5.
545 3531 683 3582 comicos
693 3551 717 3575 =
729 3532 759 3580 in
785 3531 898 3580 between
910 3532 954 3580 the
966 3532 1041 3594 good.

219 3607 354 3656 co'moedit's.
389 3607 437 3656 See
453 3624 485 3655 on
498 3608 592 3656 multae
605 3615 629 3656 et
641 3613 758 3672 mdgnae,
835 3620 874 3656 20.
891 3606 956 3657 aive
969 3643 975 3656 .
988 3643 994 3656 .
1008 3644 1013 3656 .
1026 3606 1100 3664 aive,
1114 3607 1167 3656 call
1176 3606 1198 3656 ie
1207 3606 1267 3664 Iove,
1276 3603 1327 3654 call

220 3682 358 3746 §3o.—6.
377 3683 516 3745 vernido,
537 3685 605 3734 twist
620 3700 658 3734 me
675 3683 764 3732 round
786 3684 807 3732 it
815 3683 984 3749 friendslrip:
1002 3683 1045 3734 the
1062 3681 1237 3748 conjunctione
1252 3681 1327 3732 leave
