2952 4150
588 313 752 363 cunrrrn
774 313 844 363 xrv.
926 273 930 281 ¹
1225 305 1270 384 67

218 469 282 535 nisi
304 490 345 534 ex
368 469 438 534 eius
461 471 574 534 animo
592 470 806 553 exstirpssatam
829 470 1069 535 humanitatem
1085 449 1245 534 arbitra-'⁸

218 595 301 652 mur,
318 569 404 658 quae
428 594 529 638 causa
553 584 602 638 est
621 582 681 638 cur
699 575 877 638 amicitiam
896 574 1048 638 funditus
1063 574 1218 639 tollamus

219 686 328 756 evitat,
346 686 389 742 ne
404 679 532 761 aliquis
548 688 685 762 propter
701 699 774 742 eam
791 678 1012 760 suscipiemus
1028 664 1219 742 molestiis?

220 783 299 866 quid
318 782 407 846 enim
425 783 563 845 interest
582 790 674 845 motu
691 782 793 845 animi
812 781 942 846 sublato
961 790 1028 845 non
1045 783 1119 845 dico
1134 783 1220 846 inter

182 909 197 956 s
219 887 381 971 pecudem
402 896 436 950 et
455 886 632 962 hominem,
650 886 709 950 sed
730 886 815 949 inter
831 886 999 950 hominem
1016 895 1049 950 et
1064 896 1218 950 truncum

220 1001 277 1054 aut
298 1010 412 1054 saxum
433 1000 491 1052 aut
512 989 641 1073 quidvis
662 990 794 1071 generis
810 990 982 1053 eiusdem?
1005 990 1219 1073 nequeenim

220 1105 298 1159 sunt
308 1095 364 1157 isti
375 1094 538 1170 audiendi,
553 1104 610 1176 qui
619 1093 776 1157 virtutem
789 1094 906 1156 duram
919 1103 953 1157 et
965 1094 1060 1176 quasi
1075 1095 1219 1158 ferream

220 1219 294 1263 esse
317 1199 485 1281 quandam
507 1198 641 1261 volunt:
665 1218 750 1280 quae
774 1197 907 1280 quidem
935 1206 987 1261 est
1009 1218 1085 1262 cum
1108 1199 1219 1263 multis

219 1303 253 1365 in
269 1302 367 1365 rebus
383 1311 454 1364 tum
469 1302 503 1364 in
520 1301 663 1364 amicitia
679 1311 795 1364 tenera
810 1311 910 1384 atque
926 1302 1116 1379 tractabilis,
1134 1313 1171 1366 ut
1186 1312 1220 1366 et

85 1486 88 1493 .
170 1431 197 1466 10
218 1406 314 1470 bonis
338 1415 435 1468 amici
457 1405 553 1487 quasi
573 1405 782 1468 diffunditur
802 1415 835 1468 et
856 1405 1074 1469 incommodis
1093 1416 1220 1469 contra·
1324 1431 1328 1436 ·

219 1511 325 1573 hatur.
372 1529 471 1592 quam
488 1509 530 1572 ob
546 1529 616 1572 rem
633 1529 740 1590 angor
755 1509 827 1586 iste,
846 1519 903 1592 qui
918 1517 980 1593 pro
996 1517 1102 1573 amico
1118 1530 1219 1593 saepe

219 1613 402 1696 capiendus
418 1622 478 1689 est,
496 1621 562 1675 non
578 1622 708 1676 tantum
720 1614 818 1689 valet,
836 1623 872 1677 ut
883 1613 978 1677 tollat
994 1621 1013 1677 e
1027 1620 1096 1677 vita
1111 1613 1221 1678 amici·

218 1706 389 1793 hannon
402 1717 477 1798 plus
490 1737 589 1799 quam
605 1726 642 1780 ut
653 1716 802 1792 virtutes,
820 1717 981 1800 quianon
997 1717 1106 1780 ntrlle'ts
1122 1725 1219 1782 curas

218 1831 251 1885 et
266 1821 435 1884 molestias
451 1821 616 1897 adferunt,
633 1821 858 1902 repudientur.

168 1947 195 1993 15
262 1927 356 1989 XIV.
391 1925 475 1989 Cum
500 1934 612 1987 autem
639 1925 815 1988 contrahat
842 1924 1029 2001 amicitiam,
1055 1933 1093 1988 ut
1118 1932 1219 2007 supro

218 2029 292 2104 dixi,
318 2038 346 2091 si
368 2048 434 2110 qua
456 2027 654 2110 significatio
675 2028 806 2092 virtutis
830 2029 969 2105 eluceat,
994 2028 1159 2112 adquam
1183 2036 1219 2093 se

218 2132 334 2196 similis
356 2131 487 2194 animus
510 2132 655 2215 adplicet
678 2141 712 2195 et
734 2131 904 2214 adiungat,
921 2132 955 2196 id
974 2153 1050 2196 cum
1069 2132 1217 2216 contigit,

220 2350 241 2388 1.
257 2337 486 2397 humanitatem,
500 2338 540 2387 the
551 2339 614 2388 milk
624 2330 707 2406 o'fhu'·
730 2341 899 2406 impressions.
912 2370 946 2380 -
960 2356 996 2392 10.
1017 2343 1209 2404 difflmddttm
1231 2359 1266 2394 sc.

169 2431 230 2463 man
237 2414 403 2463 kinclness.—
410 2427 433 2477 3.
445 2414 578 2476 aliquis:
593 2415 650 2464 how
659 2417 706 2466 dif-
730 2419 794 2481 quis.
803 2444 835 2454 -
845 2431 881 2481 13.
901 2418 964 2468 n6n
977 2419 1061 2481 plt'te:
1081 2426 1169 2482 except
1183 2419 1209 2466 in
1225 2419 1268 2468 the

168 2486 544 2554 ierentsromquds'orrillds?
579 2493 614 2542 H.
627 2494 705 2557 512i.
730 2494 864 2558 colloquial
881 2495 971 2558 phrase
989 2499 1038 2542 ‘no
1059 2528 1066 2542 .
1088 2529 1094 2543 .
1118 2530 1124 2542 .
1148 2511 1182 2543 no
1199 2509 1268 2544 more

171 2568 325 2632 (455,457);
343 2565 427 2628 M.84,
435 2579 458 2626 2,
466 2580 490 2627 4,
497 2579 546 2632 459
552 2585 559 2628 ;
575 2569 608 2617 A.
618 2581 674 2628 202,
682 2585 706 2628 a,
729 2569 807 2628 than,’
819 2586 856 2618 we
871 2572 905 2619 do
919 2577 963 2619 not
980 2577 1067 2634 repeat
1083 2570 1126 2618 the
1144 2571 1268 2633 negative,

167 2643 193 2701 b;
214 2642 245 2692 G.
259 2655 317 2706 1073
340 2643 410 2692 Mad.
422 2655 480 2706 493,
491 2656 553 2706 494;
575 2645 604 2694 B.
617 2657 706 2709 252,1,
729 2646 774 2694 but
785 2661 827 2709 say
839 2650 903 2709 ‘any
914 2661 984 2694 more
997 2647 1077 2695 than’
1107 2647 1170 2695 Plris
1181 2661 1269 2695 means

167 2731 191 2778 2,
202 2733 232 2780 43
254 2719 283 2768 L.
296 2731 523 2782 2390,2402.—4.
543 2720 605 2769 non
622 2721 703 2780 dieo,
729 2722 770 2770 ‘in
787 2737 802 2770 a
818 2729 916 2785 greater
933 2723 1043 2784 degree)
1076 2722 1132 2770 The
1148 2729 1268 2771 sentence

165 2798 185 2846 J
194 2797 224 2845 do
240 2803 283 2845 not
295 2812 347 2860 say.
383 2796 439 2845 The
456 2795 540 2858 object
556 2797 577 2844 is
594 2797 637 2845 the
654 2804 704 2846 rest
729 2797 751 2846 is
767 2798 886 2861 irregular
900 2798 938 2847 sor
954 2804 1006 2847 ndn
1021 2799 1081 2862 pleis
1097 2815 1175 2862 quam
1192 2803 1269 2846 πῖναι

165 2873 195 2922 of
203 2873 246 2922 the
258 2879 425 2922 sentence·
431 2884 453 2936 5.
465 2873 621 2934 pecudem,
633 2873 704 2921 with·
730 2881 753 2922 et
774 2875 905 2934 molestiae,
928 2879 991 2939 quds
1010 2875 1116 2923 cirratis
1138 2874 1268 2939 aassrunt,

166 2957 210 2998 out
226 2964 315 2998 reason
320 2967 327 3008 ;
354 2952 502 3006 huncum,
520 2949 625 2998 without
645 2948 705 2998 feel·
730 2951 816 2998 valent
826 2957 856 2998 ut
865 2951 971 2999 virtates
983 2951 1158 3014 repudientur.

165 3026 220 3087 ing;
242 3037 358 3083 saxum,
373 3025 518 3073 motionless
535 3026 586 3074 and
602 3024 701 3074 liseless.
782 3038 819 3090 15.
837 3026 1013 3076 contrahat:
1037 3027 1080 3075 the
1097 3024 1192 3089 subject
1209 3025 1230 3075 is
1246 3031 1271 3074 se'

164 3101 256 3166 (Lah.)
281 3101 349 3150 Note
361 3101 404 3150 the
416 3101 548 3150 chiasmus.
574 3100 612 3150 Cf.
626 3101 704 3150 Hom.
731 3103 915 3158 ...elaceat,·
930 3103 973 3151 the
985 3102 1066 3151 whole
1078 3103 1268 3166 thoughtisre·

170 3177 241 3240 Odys.
262 3177 334 3226 XIX.
357 3177 417 3240 163:
441 3178 539 3238 οὐγὰρ
562 3177 612 3225 ἀπὸ
636 3177 704 3238 δρυός
730 3179 821 3242 peated
831 3178 857 3226 in
867 3178 902 3226 id.
928 3179 1056 3228 Translate
1066 3179 1150 3242 hythe
1162 3179 1267 3244 passive.

166 3257 223 3303 ἐσσι
240 3253 412 3313 παλαιφάτου,
428 3247 477 3301 οὐδ’
494 3254 544 3301 ἀπὸ
563 3253 705 3314 πέτρης.-
729 3255 874 3315 -Ιῦρῐᾶι
897 3254 927 3302 ct'.
949 3256 979 3317 ἓξ
994 3268 1034 3320 27,
1053 3268 1091 3317 29,
1110 3268 1157 3318 323
1187 3260 1269 3319 suprd

165 3329 189 3378 6.
200 3341 298 3390 neque
309 3329 396 3387 enim,
408 3329 536 3391 following
546 3329 589 3377 the
602 3329 704 3393 implied
730 3329 824 3392 strictly
844 3330 941 3393 applies
962 3337 989 3379 to
1009 3330 1116 3393 writing‚
1138 3332 1189 3380 and
1209 3339 1269 3379 ante

166 3405 293 3454 inference
305 3404 334 3454 of
344 3405 386 3454 the
398 3406 535 3470 preceding
546 3405 705 3470 question-
730 3412 756 3454 to
774 3407 875 3470 speech.
914 3406 950 3455 Cf.
968 3407 1076 3467 §46.-
1090 3419 1126 3470 17.
1146 3407 1179 3456 td
1198 3418 1268 3458 oum

167 3493 189 3545 7.
200 3481 262 3538 retr,
274 3481 317 3529 the
330 3481 484 3543 Stoice-9.
495 3485 600 3531 tenera
612 3485 705 3544 atque
730 3482 872 3544 contigit:
898 3482 940 3530 the
958 3481 1054 3546 perfect
1070 3483 1093 3530 is
1110 3482 1180 3531 osten
1196 3483 1266 3542 used,

164 3556 345 3614 motabilis,
355 3558 437 3620 gentle
448 3557 504 3604 and
515 3573 572 3620 easy
582 3565 605 3605 lo
619 3558 645 3606 be
662 3575 704 3606 en·
729 3558 813 3606 where
825 3574 861 3606 we
874 3573 917 3606 use
932 3558 974 3606 the
989 3565 1098 3622 present,
1114 3559 1141 3606 in
1156 3559 1269 3608 subordi-

164 3632 266 3680 trealed.
295 3633 394 3680 Tenem
404 3633 425 3681 is
437 3635 549 3696 opposed
563 3642 589 3682 to
601 3634 703 3692 deiram,
730 3641 788 3683 nate
800 3634 968 3698 propositione
983 3634 1045 3682 aster
1061 3634 1188 3683 indefinite
1206 3635 1269 3684 rela-

131 3771 135 3780 .
166 3707 306 3761 tractabilis
323 3715 349 3756 to
361 3711 487 3773 ferream,
504 3724 531 3759 as
549 3709 604 3760 iron
621 3710 704 3762 resiste
730 3710 779 3761 tive
792 3711 954 3778 expressions,
964 3718 990 3759 to
1003 3712 1095 3759 denote
1108 3712 1176 3770 time,
1188 3711 1269 3776 place,
