2952 4150
568 299 732 350 ennium
755 299 837 349 xxv.
1211 300 1254 371 95

200 476 274 521 eam
299 457 494 533 molestiam,
520 478 620 539 quam
651 453 775 520 debent
805 477 936 538 capere,
962 465 1029 519 non
1056 457 1201 539 capiunt,

199 582 272 625 eam
297 561 442 643 capiunt,
468 569 533 644 qua
558 562 681 625 debent
705 568 842 638 vacare;
872 568 1029 642 peccasse
1052 561 1141 624 enim
1166 569 1202 624 se

199 674 267 728 non
284 675 461 747 anguntur,
479 665 649 747 obiurgari
664 666 804 729 moleste
822 666 953 728 ferunt:
978 666 1067 748 quod
1086 673 1202 729 contra

200 770 384 852 oportebat,
403 769 523 832 delicto
539 769 660 846 dolere,
679 769 882 833 correctione
898 770 1052 850 gaudere.

162 895 175 942 s
243 874 350 938 XXV.
385 875 434 938 Ut
449 873 550 954 igitur
565 882 599 937 et
617 881 752 936 monere
769 882 802 936 et
818 880 945 936 moneri
962 873 1132 954 proprium
1149 883 1200 936 est
1217 884 1251 934 91

193 975 298 1040 ¹verae
314 977 478 1040 amicitiae
500 986 533 1040 et
552 977 693 1040 alterum
715 976 818 1039 libere
838 977 959 1053 facere,
984 985 1049 1040 non
1071 985 1198 1059 aspere,

199 1081 339 1144 alterum
361 1081 528 1168 patienter
549 1081 710 1163 accipere,
730 1089 797 1144 non
819 1088 1054 1163 repugnanter,
1078 1091 1124 1144 sie
1146 1083 1201 1144 ha-

199 1185 345 1248 bendum
362 1195 414 1248 est
429 1185 553 1247 nullam
570 1185 603 1247 in
623 1185 773 1249 amicitiis
792 1194 922 1267 pestem
947 1205 1021 1249 esse
1042 1185 1198 1249 maiorem
1249 1215 1251 1219 ·

200 1310 300 1372 quam
316 1289 550 1365 adulationem,
567 1288 770 1365 blanditiam,
786 1288 1068 1366 adsentationem
1088 1311 1200 1372 quam-

149 1421 178 1453 10
200 1403 248 1456 vis
264 1393 352 1457 enim
375 1394 486 1456 multis
507 1392 696 1456 nominibus
719 1403 770 1456 est
794 1394 855 1456 hoc
876 1393 992 1456 vitium'
1016 1395 1199 1457 notandum

200 1497 322 1561 levium
345 1497 517 1561 hominum
541 1507 641 1580 atque
665 1497 843 1573 fallacium,
866 1498 909 1560 ad
929 1498 1134 1561 voluntatem
1158 1499 1201 1561 lo-

199 1602 372 1685 quentium
403 1601 524 1678 omnia,
556 1601 638 1664 nihil
668 1602 710 1663 ad
737 1601 919 1664 veritatem.
982 1623 1058 1665 cum
1089 1612 1201 1665 autern
1216 1612 1251 1662 92

200 1706 347 1770 omnium
364 1713 474 1768 rerum
491 1705 657 1768 simulatio
672 1705 790 1768 vitiosa
806 1705 999 1768 est—tollit
1015 1705 1101 1768 enim
1121 1706 1201 1769 iudi-

200 1810 287 1873 cium
307 1817 377 1873 veri
395 1809 494 1892 idque
516 1809 824 1884 adulterat—tum
848 1809 1011 1872 amicitiae
1035 1817 1201 1893 repugnat

150 1936 176 1983 ιε
199 1900 359 1977 maxime:
391 1914 480 1977 delet
495 1913 584 1977 enim
600 1913 783 1989 veritatem,
801 1912 873 1976 sine
894 1920 960 1996 qua
981 1921 1103 1977 nornen
1124 1923 1201 1976 ami-

200 2018 297 2082 citiae
315 2018 426 2082 valere
447 2024 515 2081 non
537 2027 655 2099 potest.
703 2037 781 2079 nam
803 2037 878 2080 cum
899 2017 1064 2081 amicitiae
1085 2027 1135 2080 vis
1158 2017 1201 2081 sit

140 2174 144 2182 .
199 2121 233 2185 in
255 2129 303 2198 eo,
327 2131 363 2185 ut
383 2129 470 2185 unus
491 2122 586 2205 quasi
607 2121 737 2184 animus
760 2121 823 2184 fiat
846 2141 886 2184 ex
909 2121 1068 2203 pluribus,
1091 2131 1148 2204 qui
1168 2121 1202 2186 id

200 2227 271 2290 fieri
287 2225 418 2308 poterit,
432 2235 460 2288 si
475 2233 518 2289 ne
534 2225 568 2288 in
585 2233 652 2290 tino
668 2225 802 2309 quidem
818 2233 950 2308 quoque
968 2233 1054 2288 rinus
1071 2225 1201 2289 animus

200 2329 262 2393 erit
276 2329 432 2412 idemque
451 2349 593 2412 semper,
611 2330 671 2393 sed
687 2329 806 2406 varius,
825 2329 1077 2406 commutabilis,
1096 2331 1203 2394 multi-

149 2457 178 2490 ω
200 2435 298 2517 plex?
344 2433 424 2517 quid
447 2433 537 2498 enim
560 2443 671 2516 potest
694 2453 769 2497 esse
791 2423 860 2496 tani
884 2433 1035 2509 flexibile,
1057 2443 1125 2496 tam
1150 2435 1202 2496 de·
1218 2445 1253 2495 93

200 2538 290 2602 vium
315 2559 414 2621 quam
441 2538 571 2602 animus
596 2539 676 2614 eius,
703 2549 760 2622 qui
784 2537 827 2601 ad
851 2537 987 2602 alterius
1011 2545 1078 2601 non
1102 2539 1201 2602 modo

152 2732 173 2768 1.
190 2719 328 2781 capiunt:
347 2734 389 2767 see
405 2734 438 2766 on
455 2723 507 2767 nin
519 2724 604 2781 potest,
619 2718 632 2781 §
649 2730 685 2779 19.
714 2729 791 2777 nem,
805 2723 921 2766 comtant
931 2723 1018 2776 assent,
1031 2717 1124 2781 arising
1135 2717 1199 2766 from
1211 2719 1254 2767 the

148 2807 211 2858 -3.
230 2795 313 2862 quod
332 2796 457 2844 contri:
483 2809 553 2842 some
573 2793 689 2842 consider
715 2793 804 2842 dislike
813 2799 839 2841 to
849 2809 953 2857 oppose.
983 2794 1031 2842 See
1044 2795 1086 2860 D.,v
1096 2810 1114 2842 s.
1124 2795 1253 2843 adsentiri.

149 2876 238 2919 contra
265 2887 293 2920 as
321 2886 336 2919 a
365 2870 521 2934 proposition
550 2870 689 2932 governing
714 2869 894 2931 -quamvits
916 2869 1030 2919 modilies
1053 2871 1155 2926 multis,·
1178 2871 1207 2934 by
1227 2887 1255 2918 as

150 2947 222 3010 quod,
236 2947 281 2996 but
292 2947 311 2995 it
323 2947 344 2996 is
355 2947 437 2996 better
450 2954 477 2995 to
493 2946 608 2994 consider
626 2946 645 2994 it
662 2960 689 2994 as
715 2961 795 3008 many
806 2952 882 2994 terms
898 2961 927 2994 as
938 2946 1044 3010 possible
1056 2953 1124 2994 must
1134 2963 1170 2995 we
1182 2947 1253 2995 char-

150 3039 182 3070 an
201 3023 302 3082 adverb,
320 3022 430 3071 whereas
448 3038 480 3070 on
501 3022 540 3070 the
562 3028 688 3084 contrary,
715 3021 818 3069 aclerize
829 3021 878 3069 this
889 3022 949 3070 uice.

150 3099 218 3162 quod
233 3099 311 3160 being
327 3099 353 3146 in
370 3099 413 3147 the
431 3114 500 3146 same
519 3097 688 3146 construction
767 3109 804 3159 13.
821 3097 953 3146 omnium
972 3099 1071 3146 renim
1091 3097 1252 3158 simulatio,

150 3175 214 3222 asin
227 3174 270 3222 the
282 3176 372 3238 phrase
384 3175 487 3238 quodsi.
715 3189 789 3235 every
807 3174 879 3239 fhrm
906 3174 937 3238 os
957 3173 1135 3237 hypocrisy.-
1151 3187 1187 3238 17.
1213 3175 1254 3232 id,

199 3263 222 3312 9.
251 3251 466 3309 adt'llfflt'tnem,
489 3251 620 3316 sawning,
647 3250 689 3298 the
715 3248 943 3298 temerans-18.
956 3250 1254 3312 finus=cc5nstdnsop=

150 3326 220 3390 spirit
232 3326 286 3374 that
301 3326 375 3375 seeks
393 3333 419 3375 to
436 3327 495 3389 gain
512 3325 628 3390 personal
647 3327 691 3374 ad·
712 3327 792 3391 posed
804 3333 830 3374 to
842 3326 1022 3386 uarius-19.
1037 3325 1255 3375 idem=stabilis

150 3409 271 3464 vantages
283 3403 390 3466 through
404 3402 492 3451 servile
505 3402 607 3464 flattery.
635 3402 690 3449 The
720 3403 775 3461 (see
792 3401 805 3463 ξ
819 3399 875 3461 62),
888 3401 1002 3464 opposed
1020 3407 1046 3448 to
1064 3401 1254 3460 contaminabilis,

150 3479 219 3527 word
235 3478 257 3526 is
269 3480 330 3528 used
348 3479 377 3527 os
391 3481 462 3541 dogs.
472 3506 501 3514 —
512 3478 691 3527 blanditiam
717 3477 768 3525 and
780 3477 841 3525 both
854 3476 971 3538 together
984 3483 1010 3524 to
1023 3477 1163 3540 multiplex,
1175 3477 1256 3525 which

154 3553 264 3618 (usually
275 3554 301 3602 in
313 3555 356 3603 the
368 3555 468 3619 plural),
478 3556 540 3620 fair
553 3554 691 3618 speaking,·
718 3553 787 3612 here,
807 3568 834 3600 as
852 3552 877 3599 in
896 3553 964 3616 565,
984 3567 1070 3601 means
1088 3552 1258 3601 deceitsul.-

151 3630 195 3680 the
207 3631 295 3689 desire,
308 3631 451 3679 ostentimes
468 3631 581 3687 amiable‚
595 3630 623 3678 ol
638 3645 690 3692 say·
718 3641 784 3692 que,
804 3628 853 3686 bul,
872 3643 899 3676 as
919 3627 989 3676 usual
1012 3627 1037 3675 in
1061 3644 1093 3676 an
1114 3627 1258 3678 affirmative

151 3706 196 3770 ing
215 3707 301 3771 things
320 3714 347 3756 to
367 3706 691 3772 phase—adsentati&
703 3705 847 3768 ..following
864 3720 879 3752 a
896 3704 1012 3767 negative
1030 3704 1121 3753 clause.
