2952 4150
210 287 251 349 68
559 257 563 265 ¹
688 297 838 346 inanius

262 474 355 517 amor
370 453 536 517 exoriatur
549 474 685 517 necesse
698 463 758 517 est.
806 454 885 536 quid
898 455 985 517 enim
998 465 1067 518 tam
1083 455 1264 520 absurdum
1279 469 1315 518 49

261 579 361 640 quam
385 559 542 621 delectari
566 559 676 620 multis
701 558 854 621 inanibus
878 559 985 635 rebus,
1009 569 1045 622 ut
1068 561 1202 637 honore,
1227 572 1264 624 ut

261 662 374 744 gloria,
393 672 428 725 ut
441 645 608 737 aedificio,
634 671 670 725 ut
692 670 813 725 vestitu
839 664 998 746 cultuque
1021 665 1178 746 corporis,
1198 667 1264 728 ani-

262 776 373 829 mante
396 767 518 830 virtute
537 767 696 848 praedito,
721 775 761 829 eo
784 777 840 849 qui
863 767 915 830 vel
939 775 1052 831 amare
1075 769 1137 844 vel,
1158 780 1195 832 ut
1218 770 1263 833 ita

224 872 378 947 sdicam,
411 871 583 933 redamare
614 871 728 952 possit,
760 879 828 934 non
866 871 1045 934 admodum
1084 873 1262 937 delectari?

261 975 342 1038 nihil
367 985 417 1037 est
440 975 528 1037 enim
552 975 820 1038 remuneratione
839 975 1101 1052 benevolentiae,
1119 977 1200 1039 nihil
1218 978 1263 1040 vi-

261 1079 454 1143 cissitudine
471 1079 654 1142 studiorum
671 1078 920 1161 officiorumque
936 1079 1120 1143 iucundius.
1161 1081 1261 1163 quid?
1279 1092 1313 1140 50

261 1193 289 1247 si
311 1181 391 1245 illud
414 1183 514 1246 etiam
538 1182 699 1258 addimus,
717 1182 806 1265 quod
830 1190 919 1245 recte
942 1183 1021 1246 addi
1043 1194 1162 1265 potest,
1180 1184 1262 1247 nihil

261 1307 334 1350 esse
353 1287 441 1369 quod
464 1287 504 1349 ad
525 1294 561 1349 se
580 1306 649 1348 rem
671 1287 769 1348 ullam
790 1296 859 1350 tam
877 1285 1002 1351 inliciat
1018 1297 1135 1351 ettam
1151 1289 1262 1351 trahat

210 1419 238 1450 10
260 1411 359 1474 quam
387 1391 430 1452 ad
458 1391 635 1454 amicitiam
663 1390 852 1467 similitudo,
881 1391 1083 1454 conceditur
1109 1393 1262 1474 proiecto

259 1502 373 1557 verum
394 1515 476 1570 esse,
495 1505 530 1558 ut
549 1494 654 1558 bonos
673 1495 753 1558 boni
771 1495 910 1576 diligant
929 1496 1182 1578 adsciscantque
1199 1496 1262 1559 sibi

260 1599 355 1681 quasi
382 1598 629 1681 propinquitate
656 1599 851 1662 coniunctos
879 1609 984 1681 atque·
1007 1607 1144 1677 naturai;
1180 1600 1261 1663 nihil

260 1712 311 1765 est
329 1703 416 1765 enim
439 1702 651 1784 adpetentius
673 1702 828 1765 similium
846 1713 897 1766 sui
912 1723 973 1766 nec
989 1704 1144 1785 rapacius
1160 1725 1260 1787 quam

259 1814 385 1870 natura.
433 1827 532 1889 quam
556 1807 691 1870 obrem
715 1808 777 1869 hoc
802 1807 944 1889 quidem,
971 1809 1080 1870 Fanni
1106 1817 1140 1871 et
1164 1808 1261 1873 Scae·

209 1934 236 1979 15
258 1911 342 1987 vola,
361 1919 499 1986 constet,
517 1920 553 1973 ut
570 1921 695 1991 opinor,
709 1911 806 1973 bonis
819 1911 906 1974 inter
916 1911 1023 1974 bonos
1040 1912 1134 1994 quasi
1150 1933 1261 1975 neces

259 2015 379 2078 sariam
395 2015 671 2090 benevolentiam,
690 2025 747 2097 qui
762 2025 813 2078 est
834 2015 997 2079 amicitiae
1013 2017 1090 2078 fons
1106 2023 1126 2078 a
1142 2023 1260 2078 naturai

259 2119 466 2182 constitutus.
515 2119 574 2181 sed
598 2119 715 2181 eadem
740 2119 872 2182 bonitas
896 2119 995 2182 etiam
1019 2120 1062 2183 ad
1083 2120 1261 2183 multitudi-

207 2351 235 2382 0r
247 2335 449 2384 condition—1.
462 2336 630 2386 exoriatur:
646 2336 690 2384 the
703 2336 745 2398 lig·
774 2347 794 2399 7.
816 2321 993 2394 studiorum,
1002 2335 1126 2399 personui
1134 2335 1256 2401 affiction,
1268 2334 1311 2383 the

207 2427 250 2459 ure
270 2411 290 2459 is
311 2411 339 2459 of
360 2412 403 2459 the
423 2412 500 2474 rising
523 2427 577 2470 sun,
598 2411 746 2474 continuing
772 2411 876 2474 striving
895 2411 933 2459 sor
953 2412 1060 2460 another
1080 2411 1106 2459 in
1126 2411 1210 2459 which
1232 2411 1311 2476 «fficio

206 2487 307 2535 blacena
771 2488 835 2536 have
847 2488 911 2536 their
923 2503 1018 2537 source.
1055 2486 1138 2551 (Sey.)

256 2563 401 2625 3.cult1'1:
430 2564 472 2612 the
490 2580 546 2613 care
567 2564 596 2612 of
616 2564 658 2612 the
678 2564 745 2626 body
824 2576 860 2612 10.
874 2563 1049 2622 similitudo,
1059 2563 1097 2611 for
1105 2563 1311 2620 similitadinem,

206 2638 288 2686 which
301 2641 373 2687 tends
391 2646 417 2687 to
435 2640 465 2688 its
483 2642 574 2702 beauty
588 2641 638 2688 and
656 2640 744 2687 adom·
772 2641 894 2688 attracted
907 2641 938 2701 by
950 2641 1021 2703 quod,
1034 2639 1097 2687 from
1113 2639 1156 2687 the
1173 2638 1311 2687 accusative
1338 2657 1366 2704 t)

206 2721 353 2775 ment-4.
371 2715 409 2765 οδ
427 2717 486 2778 qui,
505 2733 551 2764 one
567 2717 638 2771 that,·
663 2716 684 2763 is
702 2720 749 2779 qui
771 2716 854 2764 which
868 2715 990 2777 regularly
1002 2730 1091 2763 occurs
1102 2715 1160 2763 with
1177 2731 1253 2778 quam
1266 2714 1310 2762 roi-

205 2805 288 2838 serves
300 2790 338 2839 ior
349 2792 487 2840 additional
497 2793 640 2851 definition;
660 2793 689 2849 is,
702 2797 749 2855 qui
771 2791 863 2854 lowing
870 2807 902 2840 an
910 2791 1089 2839 infinitiva—1
1097 2803 1117 2839 1.
1127 2791 1261 2853 diligant,
1269 2806 1311 2838 see
1347 2760 1354 2813 i

206 2867 266 2914 calls
275 2868 398 2916 attention
411 2875 436 2916 to
448 2869 591 2930 something
602 2868 631 2916 os
640 2868 745 2916 another
772 2883 804 2914 on
815 2874 860 2916 ut.
873 2902 879 2914 .
896 2904 901 2915 .
914 2867 1044 2930 adpareat,
1054 2867 1067 2929 5
1078 2865 1117 2914 68.
1125 2893 1159 2902 —
1168 2879 1205 2929 13.
1223 2866 1310 2926 adpe-

206 2943 342 2991 character.
350 2971 383 2979 —
390 2956 412 3008 5.
430 2944 599 2994 redamare:
622 2945 664 2992 the
677 2944 745 2992 coin·
771 2944 893 3002 bandus,
906 2945 967 2993 used
979 2943 1007 2992 of
1016 2944 1059 2992 the
1071 2944 1160 3001 desire,
1171 2943 1312 3004 rapacius

206 3021 250 3083 ing
265 3022 294 3069 oi
306 3039 320 3070 a
332 3025 400 3072 word
416 3031 441 3071 to
457 3025 552 3073 imitate
570 3025 709 3082 ἀντιφιλεῖν
725 3024 746 3072 is
772 3021 800 3068 ol
816 3021 859 3069 the
879 3027 927 3070 act.
974 3021 1077 3068 Present
1096 3018 1239 3083 participles
1258 3019 1312 3065 that

207 3100 312 3147 excused
325 3100 357 3162 by
367 3107 397 3148 ut
408 3101 444 3148 ita
457 3101 548 3148 dicam.
575 3100 669 3162 (Lah.)
698 3102 744 3148 Re·
772 3101 864 3149 denote
881 3100 974 3164 quality
992 3101 1018 3148 in
1037 3098 1147 3162 general,
1164 3099 1214 3147 and
1234 3106 1311 3144 nota

206 3174 313 3222 damdv‘e
325 3176 386 3224 does
399 3183 442 3224 not
460 3193 534 3225 occur
551 3177 625 3238 again
642 3176 679 3224 till
696 3176 745 3224 late
773 3177 874 3225 definite
899 3177 982 3225 action
1010 3193 1037 3224 or
1064 3175 1178 3234 relation,
1206 3174 1311 3222 become

207 3250 280 3298 Latin
293 3251 426 3300 literature.
463 3252 522 3317 (R.)
558 3254 613 3301 The
632 3259 746 3301 constant
773 3252 914 3315 adjectives,
937 3255 986 3301 and
1010 3269 1052 3301 are
1075 3252 1190 3300 followed
1214 3250 1246 3312 by
1269 3249 1312 3296 the

206 3343 249 3375 use
267 3327 296 3374 oi
311 3336 340 3376 ut
356 3330 392 3376 iia
410 3329 499 3388 (ticam,
514 3331 596 3394 quasi,
607 3337 746 3393 raraquam,
773 3330 1080 3393 genitive-similium:
1095 3335 1183 3377 neuter
1191 3327 1216 3376 in
1227 3341 1310 3388 agree-

206 3405 255 3452 and
269 3405 371 3467 quidam
384 3406 466 3453 shows
483 3407 539 3454 how
552 3406 644 3454 careful
659 3407 746 3454 Cicero
773 3413 842 3455 ment
855 3407 913 3454 with
926 3407 968 3453 the
984 3406 1085 3466 general
1103 3404 1218 3466 negative
1237 3401 1311 3450 nihil.

207 3495 256 3527 was
269 3481 294 3527 in
307 3480 349 3529 the
363 3497 405 3529 use
418 3481 447 3530 oi
456 3485 543 3531 words.
566 3484 637 3530 'Like
648 3483 746 3540 Caesar,
772 3511 805 3518 —
816 3495 851 3547 15.
869 3481 1080 3538 necessariam,
1100 3480 1249 3536 attributive‚
1269 3483 1313 3525 not

206 3556 238 3603 he
253 3556 313 3605 held
326 3557 344 3605 it
359 3573 386 3604 as
401 3573 416 3604 a
428 3558 598 3606 fundamental
616 3559 746 3622 principle,
773 3559 913 3622 predicate;
928 3574 961 3606 sc.
971 3557 1104 3606 essa-16.
1118 3556 1177 3618 qu1‚
1190 3554 1312 3603 attracted

207 3636 256 3678 “ut
269 3639 395 3696 tamquam
408 3635 538 3696 scopulum
558 3641 593 3682 sic
612 3635 692 3696 fugias
710 3635 745 3682 in-
773 3642 799 3682 to
812 3635 854 3682 the
866 3635 961 3696 gender
971 3634 1064 3696 offam
1073 3650 1083 3684 ,·
1101 3649 1115 3679 a
1128 3647 1243 3679 common
1253 3646 1313 3678 con·

207 3709 319 3755 auditum
343 3715 417 3773 atque
440 3710 552 3758 insolEns
575 3712 701 3759 verbum.”
713 3738 747 3746 —
772 3711 892 3759 struction
902 3710 976 3758 when
988 3710 1031 3758 the
1043 3709 1145 3757 relative
1158 3709 1220 3756 adds
1231 3723 1246 3754 a
1258 3721 1315 3754 new
1333 3773 1335 3782 ,
