2952 4150
187 307 246 355 102
665 263 815 351 malros

225 457 359 541 quidem
382 457 567 540 optandum
587 467 638 522 est
656 467 693 520 ut
712 478 787 522 cum
810 457 1004 541 aequalibus
1024 468 1142 542 possis,
1162 461 1230 544 qui-

224 563 365 626 buscum
380 572 551 645 tamquam
568 570 586 625 e
602 561 789 626 carceribus
805 563 946 627 emissus
963 573 1016 640 sis,
1031 583 1107 627 cum
1122 563 1229 628 isdem
1307 625 1311 633 .

226 667 269 730 ad
296 667 431 742 calcem,
459 676 496 730 ut
522 666 649 742 dicitur,
678 677 870 748 pervenire3
903 667 962 730 sed
993 667 1150 750 quoniam
1176 675 1293 732 res102

227 772 392 834 humanae
423 771 560 852 fragiles
594 771 807 853 caducaeque
838 780 924 846 sunt,
957 791 1091 853 semper
1129 772 1230 855 aliqui

200 896 213 942 5
227 875 425 958 anquirendi
440 884 518 938 sunt
533 883 616 957 quos
632 875 808 956 diligimus
824 882 889 938 eti
906 875 1025 958 quibus
1038 875 1228 957 diligamur;

228 980 364 1044 caritate
380 979 469 1042 enim
486 978 784 1061 benevolentiaque
798 979 927 1042 sublata
940 979 1048 1042 omnis
1061 989 1112 1042 est
1128 987 1146 1042 ὃ
1162 988 1230 1043 vita

172 1126 180 1153 ,
229 1084 360 1146 sublata
383 1083 580 1146 iucunditas
628 1082 709 1144 mihi
728 1083 862 1165 quidem
883 1083 1004 1165 Scipio,
1028 1104 1229 1166 quamquam

171 1168 410 1287 ⁹2¹·,is‘msubito
431 1195 574 1268 ereptus,
591 1186 672 1250 vivit
692 1196 806 1250 tamen
825 1207 1024 1269 semperque
1040 1197 1146 1264 vivet;
1170 1187 1230 1250 vir-

32 1297 48 1353 r¹
72 1290 162 1376 Μ’
185 1282 333 1384 illl-stem
357 1291 446 1354 enim
470 1298 579 1352 amavi
602 1290 688 1353 illius
704 1290 773 1367 viri,
791 1311 876 1373 quae
901 1300 1063 1354 exstincta
1082 1299 1149 1354 non
1169 1300 1227 1355 est.
1343 1361 1352 1384 ἱ

111 1391 124 1430 l
189 1377 290 1458 {onec
313 1395 395 1458 mihi
418 1396 480 1458 soli
493 1403 644 1458 versatur
668 1405 745 1458 ante
765 1395 888 1470 oculos
907 1404 963 1477 qui
987 1395 1076 1492 ΜΨ
1098 1415 1231 1478 semper
1369 1389 1393 1440 Ὺ
1419 1463 1427 1485 ἡ

52 1523 63 1534 ·’
84 1483 109 1546 ,t
123 1487 149 1518 “¹⁵
228 1499 262 1562 in
283 1499 435 1562 manibus
460 1499 570 1575 habui,
588 1500 647 1562 sed
671 1499 770 1563 etiam
793 1508 934 1581 posteris
954 1498 1015 1562 erit
1031 1499 1120 1562 clara
1136 1509 1170 1562 et
1184 1509 1231 1562 in·
1301 1465 1320 1571 l
1346 1552 1358 1591 ι.
1383 1578 1388 1587 ¹

229 1604 352 1685 signis:
376 1611 475 1666 nemo
491 1624 648 1686 umquam
662 1603 772 1666 animo
785 1613 842 1666 aut
855 1609 915 1684 spe
931 1603 1055 1666 maiora
1071 1603 1231 1686 suscipiet
1238 1587 1295 1709 ql
1298 1642 1320 1696 χ
1351 1635 1363 1657 κ
1415 1603 1420 1613 “

229 1717 286 1789 qui
309 1707 371 1770 sibi
393 1716 461 1770 non
485 1707 570 1770 illius
590 1706 782 1770 memoriam
801 1716 901 1788 atque
916 1706 1096 1788 imaginem
1113 1715 1231 1790 propo
1273 1708 1312 1787 J*
1328 1717 1359 1772 ⁸?
1398 1708 1403 1719 “

229 1812 374 1875 nendam
391 1821 494 1894 putet.
542 1811 697 1894 equidem
710 1832 751 1874 ex
762 1810 916 1874 omnibus
928 1810 1036 1887 rebus,
1051 1818 1133 1894 quas
1150 1811 1231 1874 mihi
1241 1798 1346 1878 1035'

190 1943 216 1990 15
230 1925 287 1979 aut
307 1917 442 1980 fortuna
463 1926 520 1980 aut
541 1923 661 1979 natura
680 1915 803 1991 tribuit,
821 1914 903 1977 nihil
924 1914 1033 1978 habeo
1049 1915 1139 1998 quod
1155 1935 1230 1978 cum
1307 1943 1362 2012 a?

230 2020 373 2084 amicitia
393 2020 558 2129 Scipippis
578 2020 704 2102 possim
723 2027 936 2102 comparare:
960 2019 993 2081 in
1013 2019 1076 2082 hac
1092 2019 1174 2082 mihi
1189 2019 1279 2123 dep,
1296 2016 1374 2168 W
1381 2027 1425 2100 1„ss

229 2133 265 2188 re
289 2125 422 2206 publici
445 2122 637 2200 conserisus,
655 2124 689 2186 in
712 2124 775 2187 hac
798 2131 907 2186 rerum
931 2129 1134 2204 privatarum
1155 2131 1231 2187 con·
1309 2118 1315 2129 '
1388 2129 1393 2139 ‘

230 2229 347 2306 silium,
380 2229 413 2291 in
445 2229 561 2292 eadem
592 2227 723 2312 requies
753 2227 852 2310 plena
890 2226 1119 2290 oblectationis
1156 2226 1229 2290 fuit.

230 2354 412 2416 numquam
435 2333 528 2396 illum
551 2341 594 2397 ne
617 2332 753 2396 minime
776 2320 909 2414 quidem
932 2339 968 2394 re
987 2331 1123 2408 offendi,
1141 2332 1231 2414 quod

189 2583 205 2614 a
214 2568 431 2630 newgeneratian.
453 2566 512 2630 (R.)
531 2567 649 2616 Between
657 2567 728 2616 these
755 2565 784 2615 oi
793 2567 806 2628 ᾖ
816 2566 898 2629 96.-
906 2579 943 2617 12.
955 2567 1056 2617 anlmd
1065 2565 1142 2617 refers
1151 2572 1177 2616 to
1187 2581 1295 2630 cournge

189 2644 270 2691 words
283 2644 310 2690 B.
324 2643 413 2691 inserts
426 2659 457 2690 ex
471 2643 535 2701 alid,
549 2643 638 2702 which,
651 2649 727 2692 want·
754 2643 780 2691 in
804 2643 897 2702 action,
921 2648 962 2707 spi
984 2650 1010 2692 to
1034 2644 1181 2693 confidence
1204 2643 1230 2691 in
1250 2643 1295 2692 the

189 2719 233 2782 ing
251 2719 277 2766 in
295 2725 360 2766 most
383 2719 452 2777 Mss,
471 2735 513 2768 are
534 2725 579 2767 not
598 2734 728 2782 necessary
754 2720 834 2768 worth
849 2719 878 2768 of
896 2719 939 2768 the
957 2719 1023 2784 prize
1042 2726 1069 2768 to
1086 2720 1119 2768 be
1137 2719 1230 2768 striven
1245 2719 1293 2768 sor.

189 2801 215 2844 to
235 2795 277 2843 the
298 2807 448 2844 sense—2.
472 2795 660 2845 carceribus:
685 2795 728 2843 the
754 2795 836 2844 There
851 2799 900 2844 isa
917 2796 993 2858 slight
1011 2810 1122 2858 zeugma,
1136 2811 1163 2844 as
1174 2796 1298 2859 concipiet

188 2875 301 2919 carceris
312 2887 377 2919 were
394 2871 466 2920 small
484 2872 578 2920 arched
598 2872 729 2924 chambers
755 2869 838 2922 would
851 2874 882 2921 be
894 2872 937 2921 the
949 2873 1009 2921 verb
1021 2871 1059 2920 sor
1075 2876 1116 2936 spi
1132 2872 1216 2921 rather
1234 2872 1296 2920 than

188 2947 275 2996 within
287 2947 370 2995 which
389 2947 432 2996 the
449 2947 536 2996 horses
553 2949 603 2996 and
621 2948 729 3000 chariots
754 2949 888 3012 suscipiet:
920 2948 951 2996 cl.
980 2947 1147 3012 diligentiam,
1174 2949 1187 3009 ἓ
1213 2947 1297 3009 89.-

189 3024 262 3072 stood
291 3023 377 3071 before
405 3024 510 3086 starting
535 3041 567 3072 on
595 3025 638 3073 the
664 3041 728 3074 race.
758 3037 794 3087 13.
813 3025 866 3086 qui
878 3061 883 3072 ,
897 3027 1031 3085 ..pulch
1043 3024 1148 3072 without
1156 3023 1296 3087 thinking:

192 3099 301 3162 (Rams,
330 3115 355 3163 p.
387 3099 603 3164 348.)-Isdem
631 3107 729 3165 repeats
755 3115 899 3150 acommon
910 3101 985 3149 mode
997 3100 1026 3148 of
1035 3099 1169 3165 supplying
1181 3099 1225 3148 the
1237 3099 1296 3148 laclr

188 3175 336 3240 aequalibus
355 3175 418 3224 aster
438 3177 481 3224 the
501 3177 671 3240 parentheses,
692 3177 729 3225 in·
755 3176 784 3225 of
793 3176 904 3226 averbal
916 3193 992 3226 noun.

188 3253 259 3304 stead
284 3251 313 3299 of
336 3251 379 3300 the
404 3267 473 3300 more
498 3268 614 3300 common
642 3253 681 3300 iis.
697 3279 730 3288 -
807 3265 844 3316 17.
862 3252 1045 3303 consensus:
1066 3251 1097 3301 cl.
1122 3253 1193 3316 515,
1212 3251 1297 3300 where

190 3341 211 3389 3.
240 3327 365 3384 calcem,
397 3327 440 3376 the
473 3328 610 3376 challrline
643 3329 728 3377 drawn
755 3329 883 3378 cinsinsii
903 3329 924 3377 is
947 3329 1007 3378 used
1030 3327 1089 3376 with
1113 3328 1156 3377 the
1179 3327 1297 3390 genitive.

188 3419 272 3452 across
289 3403 332 3452 the
349 3404 429 3452 circus
446 3404 472 3452 in
489 3404 555 3453 front
572 3404 601 3452 of
615 3405 658 3453 the
676 3420 729 3454 car·
756 3405 821 3454 Both
834 3421 876 3453 are
888 3405 996 3454 abstract
1010 3419 1100 3463 nouns,
1113 3405 1157 3453 but
1169 3403 1300 3452 co'nsinsio'

114 3511 149 3542 ,a
189 3495 265 3528 ceres.
299 3480 322 3528 It
337 3480 490 3529 constituted
508 3480 550 3528 the
568 3481 626 3544 goal
644 3481 728 3530 analo·
755 3481 938 3544 isagreement
950 3497 977 3530 as
994 3497 1009 3530 a
1026 3486 1089 3530 state
1107 3479 1136 3529 of
1150 3480 1228 3538 mind,
1240 3485 1297 3528 co'n·

88 3572 95 3597 ἰ
150 3554 152 3561 ’
188 3570 250 3618 gous
262 3562 288 3604 to
301 3571 346 3604 our
358 3556 485 3619 ‘winning
496 3559 567 3620 post'
755 3561 840 3606 sensus
852 3558 872 3606 is
881 3557 1018 3606 successive
1028 3563 1081 3605 acts
1090 3556 1119 3604 of
1127 3556 1254 3619 agreeing.
1265 3582 1299 3591 -

241 3644 277 3679 11.
295 3631 327 3680 in
346 3633 493 3690 manibus,
510 3633 573 3682 have
593 3635 614 3682 ie
635 3634 730 3698 always
758 3647 795 3695 19.
813 3646 1012 3696 numquam..
1027 3635 1082 3682 ‚ne
1099 3668 1123 3682 ..
1140 3669 1146 3682 .
1161 3632 1296 3695 quidem:

188 3706 268 3776 before
285 3724 330 3768 me,
349 3708 472 3772 different,
481 3709 545 3760 from
563 3711 593 3760 in
611 3710 730 3761 manibus
755 3725 797 3761 see
807 3726 841 3761 on
853 3715 905 3760 no'n
915 3746 921 3761 .
932 3747 937 3758 .
949 3746 954 3760 .
965 3726 1050 3774 neque,
1061 3709 1074 3772 ᾗ
1086 3708 1296 3774 73.-ollend1,
