2952 4150
614 314 778 364 caraman
802 313 848 364 rx.
1243 318 1281 384 53

228 481 328 555 atque
348 471 531 554 indigentia
550 479 662 535 natam
684 473 818 535 volunt:
847 474 934 555 quod
958 483 986 536 si
1008 472 1054 536 ita
1077 482 1174 549 esset,
1197 482 1233 536 ut

228 577 367 660 quisque
384 577 557 639 minimum
574 597 648 640 esse
664 576 697 638 in
715 585 751 639 se
767 576 988 651 arbitraretur,
1006 577 1051 640 ita
1067 576 1109 639 ad
1125 577 1233 641 amici·
1273 651 1278 662 x

227 681 307 743 tiam
324 691 412 744 esset
428 681 629 763 aptissimus,
647 681 735 764 quod
751 681 850 762 longe
867 702 962 744 secus
978 691 1038 744 est.
1085 691 1122 744 ut
1143 682 1231 745 enim
1247 697 1283 748 3ο

228 785 367 868 quisque
384 785 447 848 sibi
463 785 642 867 plurimum
661 786 801 848 confidit
820 795 853 848 et
874 795 910 848 ut
929 786 1069 868 quisque
1090 787 1232 850 maxime

192 913 206 960 5
227 889 349 953 virtute
374 900 407 953 et
433 889 596 971 sapientia
621 899 668 953 sic
693 897 840 952 munitus
866 899 926 966 est,
952 899 989 953 ut
1015 891 1107 953 nullo
1133 901 1232 972 egeat

228 1013 354 1076 suaque
371 994 481 1057 omnia
496 994 530 1056 in
547 1001 583 1057 se
599 994 679 1076 ipso·
688 994 797 1076 posita
813 993 944 1071 iudicet,
962 994 1007 1057 ita
1025 994 1058 1057 in
1080 994 1231 1058 amicitiis
1324 993 1332 998 ’

228 1099 422 1181 expetendis
439 1099 653 1181 colendisque
673 1098 814 1160 maxime
832 1098 970 1161 excellit.
1017 1098 1096 1180 quid
1120 1099 1230 1162 enim?

228 1186 411 1266 hirice'mus
423 1202 578 1284 indigens
594 1202 678 1266 mel?
716 1201 851 1264 minime
867 1202 1016 1266 hercule!
1053 1210 1092 1266 ac
1108 1211 1151 1266 ne
1167 1223 1230 1286 ego

227 1307 361 1388 quidem
386 1306 490 1370 illius:
518 1307 577 1370 sed
602 1327 666 1388 ego
692 1307 909 1370 admiratione
933 1307 1077 1389 quadam
1100 1307 1230 1371 virtutis

179 1438 206 1471 10
227 1410 306 1488 eius,
329 1411 383 1474 ille
403 1411 548 1474 vicissim
572 1410 728 1493 opinione
750 1411 894 1474 fortasse
917 1419 984 1474 non
1007 1411 1107 1488 nulla,
1129 1432 1229 1495 quam

227 1514 268 1578 de
289 1525 371 1578 meis
393 1515 538 1578 moribus
562 1514 715 1592 habebat,
741 1523 794 1577 me
816 1515 946 1594 dilexit3
978 1515 1068 1578 auxit
1090 1515 1231 1580 benevo-

226 1619 363 1682 lentiam
379 1619 593 1683 consueh'rdo.
641 1619 700 1682 sed
716 1639 916 1702 quamquam
933 1619 1091 1684 utilitates
1107 1621 1230 1684 multae

227 1733 260 1786 et
275 1730 418 1804 magnae
434 1731 633 1787 consecutae
649 1733 735 1798 sunt,
753 1731 820 1786 non
836 1732 914 1787 sunt
928 1733 1041 1787 tamen
1058 1723 1100 1786 ab
1116 1731 1229 1787 earum

226 1835 287 1908 spe
303 1847 423 1891 causae
439 1820 597 1909 diligendi
613 1828 784 1909 profectae
794 1849 802 1905 ;
826 1837 863 1890 ut
882 1827 971 1891 enim
992 1827 1133 1891 benefici
1153 1829 1230 1892 libe·
1244 1843 1277 1894 31

178 1955 203 2002 15
226 1932 378 2015 ralesque
406 1953 529 2008 sumus,
558 1940 625 1995 non
652 1941 688 1995 ut
715 1931 885 2014 exigamus
912 1931 1053 2014 gratiam
1065 1969 1108 1978 —
1120 1952 1229 2015 neque

226 2036 314 2098 enim
337 2035 536 2099 beneficium
560 2037 905 2112 faeneramur,—sed
928 2043 1047 2100 natura
1069 2044 1230 2118 propensi

226 2141 269 2202 ad
284 2140 514 2203 liberalitatem
534 2161 657 2218 sumuS,
678 2151 724 2204 sic
744 2140 921 2205 amicitiam
941 2149 1008 2204 non
1027 2149 1088 2223 spe
1108 2149 1230 2206 merce·

226 2243 277 2307 dis
289 2245 432 2321 adducti,
446 2245 505 2308 sed
518 2246 606 2328 quod
622 2245 730 2308 omnis
747 2245 817 2308 eius
832 2246 962 2310 fructus
978 2245 1011 2308 in
1027 2245 1101 2327 ipso
1116 2254 1228 2310 amore

176 2422 362 2473 ...voluntr
388 2423 437 2472 this
455 2423 538 2472 clause
555 2430 654 2488 repeats
670 2424 713 2473 the
739 2438 764 2486 9.
783 2424 908 2474 vlrtfltls
931 2425 1038 2474 denotes
1058 2424 1167 2472 ‘virtue’
1188 2425 1214 2472 in
1234 2425 1278 2474 the

175 2499 233 2548 idea
248 2499 278 2547 os
291 2515 388 2563 quam.
405 2533 411 2546 .
426 2534 432 2546 .
446 2499 578 2566 preficisce’,
594 2500 640 2549 but
654 2500 713 2549 with
740 2507 793 2548 true
809 2501 908 2549 Roman
922 2515 995 2548 sense
1009 2499 1039 2548 os
1053 2500 1139 2562 ability
1155 2502 1206 2549 and
1223 2515 1278 2550 suc-

176 2575 314 2624 additional
326 2575 410 2633 detail,
425 2591 452 2624 as
468 2577 558 2639 inopia
575 2577 625 2626 and
643 2577 713 2624 indi·
740 2592 794 2624 cess
814 2577 839 2625 in
860 2577 945 2640 public
965 2576 1017 2634 lise,
1037 2575 1064 2624 in
1085 2576 1229 2640 opposition
1250 2583 1277 2626 to

172 2653 261 2716 gentici
273 2653 365 2701 denote
380 2653 423 2700 the
437 2652 495 2700 lack
510 2652 539 2700 of
552 2653 713 2716 advantages,
740 2653 859 2711 moribus,
876 2653 919 2701 the
943 2653 1107 2702 excellencies
1131 2653 1160 2701 of
1182 2653 1278 2717 private
1346 2683 1350 2689 ·

175 2734 302 2791 property,
312 2727 444 2785 influence,
454 2735 510 2786 etc,
520 2728 602 2777 which
615 2729 714 2793 springs
740 2729 876 2777 character.
885 2756 919 2764 —
929 2741 965 2777 10.
981 2729 1054 2786 eius,
1067 2727 1202 2791 subjective
1215 2745 1278 2792 gen-

176 2803 239 2851 from
251 2803 347 2852 natural
360 2804 490 2852 weakness
507 2820 534 2852 or
548 2804 709 2867 inefficiency.
739 2804 806 2854 itive.
814 2833 847 2841 —
857 2817 893 2853 12,
905 2805 1019 2855 multae
1031 2809 1064 2854 et
1074 2807 1214 2866 migma:
1234 2806 1277 2854 the

174 2905 208 2914 —
220 2892 240 2927 1.
258 2879 360 2942 quod.
377 2915 383 2928 .
400 2916 406 2927 .
423 2883 513 2938 esset,
533 2881 575 2929 i.e.
596 2881 650 2930 that
670 2882 713 2929 the
740 2881 901 2944 conjunction
914 2881 935 2930 is
946 2888 991 2929 not
1003 2881 1117 2939 omitted,
1132 2897 1159 2929 as
1171 2881 1196 2928 in
1210 2880 1275 2944 Eng-

175 2956 255 3018 origin
268 2956 295 3003 ol
306 2956 444 3020 sriendship
456 2957 477 3004 is
489 2972 503 3004 a
515 2972 588 3006 sense
600 2957 629 3005 ol
638 2964 712 3006 want.
739 2957 795 3015 lish,
806 2958 918 3006 between
929 2964 977 3005 two
990 2957 1124 3020 adjectives
1137 2957 1277 3020 modilying

175 3057 205 3065 -
214 3035 267 3080 ut.
284 3067 289 3078 .
306 3068 311 3079 .
327 3032 511 3092 aptissimus,
528 3033 566 3081 the
576 3034 658 3098 server
674 3049 713 3082 re·
739 3049 787 3080 one
800 3049 877 3091 noun,
887 3033 970 3081 unless
982 3049 1031 3081 one
1044 3033 1156 3096 qualifies
1168 3033 1210 3080 the
1219 3048 1277 3082 con·

174 3123 270 3155 sources
279 3123 324 3156 one
332 3108 454 3156 thinkshe
460 3117 581 3172 possesses,
591 3110 629 3158 the
640 3110 713 3158 better
739 3109 840 3172 ception
860 3109 889 3156 ol
909 3109 952 3157 the
975 3125 1044 3158 noun
1064 3110 1114 3158 and
1138 3109 1180 3158 the
1204 3109 1277 3158 other

173 3183 252 3248 fitted
265 3184 287 3231 is
302 3184 332 3233 lee
342 3185 390 3249 sor
400 3185 555 3250 friendship.
590 3185 628 3235 Cf.
646 3185 712 3249 546,
738 3185 859 3248 adjective
872 3186 995 3248 together.

174 3259 225 3305 and
237 3274 271 3306 on
282 3261 376 3322 optimo
385 3265 481 3323 cue‘que,
494 3261 507 3322 §
521 3273 558 3322 13.
791 3274 827 3327 15.
845 3262 1015 3324 exigimus:
1035 3263 1096 3311 used
1109 3262 1137 3311 os
1147 3262 1239 3324 calling
1250 3262 1276 3310 in

226 3347 248 3398 7.
265 3335 338 3397 quld
355 3336 456 3385 enlm?
477 3337 532 3386 The
550 3338 669 3387 omission
686 3339 715 3386 of
738 3354 753 3385 a
764 3338 823 3386 loan
835 3338 908 3386 when
921 3340 982 3398 due;
1004 3339 1093 3396 hence,
1109 3344 1150 3386 ‘to
1166 3339 1276 3387 demand

174 3410 217 3458 the
229 3411 289 3459 verb
301 3411 361 3460 here
375 3413 424 3461 and
436 3413 496 3461 with
513 3414 629 3479 indigens
643 3415 712 3478 gives
738 3430 766 3463 as
783 3415 853 3463 one's
869 3414 1042 3477 right.'-16.
1060 3415 1129 3464 aad:
1155 3431 1188 3463 an
1205 3414 1277 3463 inde·

174 3487 217 3535 the
240 3487 308 3536 force
332 3488 361 3537 of
384 3505 417 3537 an
440 3489 605 3538 exclamation
628 3492 712 3539 rather
738 3492 850 3554 pendent
874 3490 1018 3540 affirmative
1045 3491 1128 3539 clause
1151 3491 1211 3539 with
1236 3489 1280 3538 sed

174 3563 235 3612 than
259 3579 292 3612 an
315 3563 508 3628 interrogation.
549 3567 615 3614 How
635 3567 713 3616 then!
738 3567 807 3616 osten
823 3567 919 3615 follows
937 3573 989 3616 non
1006 3572 1056 3631 qud
1071 3583 1099 3615 or
1118 3572 1169 3615 non
1187 3574 1222 3624 ut,
1238 3566 1276 3614 in-

173 3641 318 3705 Africanus
344 3641 408 3690 need
430 3641 564 3691 me!-8.
590 3645 628 3693 nb
648 3678 654 3692 .
675 3678 681 3692 .
702 3679 708 3692 .
738 3645 809 3692 stead
827 3643 856 3692 ol
873 3659 888 3692 a
905 3643 1007 3693 relative
1025 3643 1107 3692 clause
1126 3643 1185 3692 with
1204 3643 1276 3707 quia,

174 3717 304 3779 quidem,
315 3717 373 3766 and
384 3720 468 3782 surely
480 3719 577 3768 neither
590 3719 639 3768 did
649 3721 713 3770 1,-
739 3727 774 3781 ut,
786 3736 815 3769 or
827 3724 866 3779 ne,
879 3720 1078 3785 corresponding
1091 3726 1118 3770 to
1132 3720 1175 3769 the
1191 3719 1276 3769 clause
