2952 4150
198 298 239 361 92
635 303 638 309 ¹
678 292 828 342 inscius

250 449 349 513 modo
376 469 436 530 per
462 447 610 512 omnium
637 455 722 511 vitas
749 450 893 514 amicitia
918 471 979 515 nec
1005 453 1106 515 ullam
1134 451 1253 516 aetatis

250 554 422 634 degendae
447 553 610 615 rationem
634 552 759 634 patitur
782 574 856 617 esse
879 566 1050 638 expertem
1075 567 1143 634 sui;
1172 567 1251 640 quin

249 656 348 720 etiarn
368 657 487 739 siquis
507 656 687 738 asperitate
706 663 745 720 eh
764 666 863 723 estet
879 659 1084 724 immanitate
1103 668 1252 737 naturae,

249 767 450 842 congressus
473 770 510 823 ut
533 760 705 823 hominum
728 760 836 842 fugiat
859 771 958 844 atque
981 763 1096 840 oderit,
1119 765 1251 846 qualern

212 865 353 933 siuisse
384 865 530 927 Athenis
561 865 737 927 Timonem
769 865 882 928 nescio
920 886 1019 948 quem
1051 868 1248 950 accepimus,

250 978 362 1032 tamen
389 968 417 1031 is
445 978 515 1050 pati
537 975 604 1032 non
629 968 743 1050 possit,
768 978 805 1031 ut
828 977 895 1031 non
919 981 1072 1052 anquirat
1095 971 1248 1054 aliquem,

250 1073 339 1154 apud
355 1092 455 1154 quern
475 1079 606 1135 evomat
621 1082 710 1135 virus
730 1072 918 1135 acerbitatis
935 1093 1023 1136 suae.
1071 1085 1171 1156 atque
1187 1077 1249 1140 hoc

249 1176 392 1238 maxime
410 1176 619 1252 iudicaretur,
637 1185 665 1239 si
683 1175 762 1258 quid
781 1176 846 1239 tale
863 1187 977 1258 posset
993 1179 1195 1260 contingere,
1214 1191 1251 1244 ut

250 1279 368 1362 aliquis
390 1288 450 1343 nos
472 1280 555 1342 deus
576 1300 616 1342 ex
638 1280 700 1343 haic
722 1279 893 1343 hominurn
916 1281 1104 1364 frequentia
1120 1284 1250 1347 tolleret

199 1406 227 1439 10
249 1393 283 1447 et
305 1383 339 1445 in
363 1383 540 1446 solitudine
564 1383 695 1465 uspiam
715 1384 903 1447 conlocaret
922 1394 1020 1467 atque
1037 1386 1082 1448 ibi
1098 1387 1251 1470 subpedi-

248 1494 325 1551 tans
345 1487 492 1550 omnium
511 1495 629 1563 rerum,
648 1495 731 1570 quas
750 1495 870 1550 natura
889 1489 1063 1566 desiderat,
1082 1491 1251 1554 abundan-

248 1591 328 1654 tiam
339 1600 373 1654 et
385 1591 515 1673 copiam
528 1591 672 1655 hominis
684 1600 819 1654 omnino
831 1592 1037 1674 adspiciendi
1049 1603 1249 1676 potestatem

249 1695 409 1777 eriperet:
434 1695 507 1777 quis
530 1705 599 1758 tarn
618 1704 707 1758 esset
726 1696 855 1758 ferreus
875 1707 931 1779 qui
949 1718 1023 1760 eam
1042 1708 1143 1761 vitam
1162 1700 1250 1764 ferre

249 1810 363 1882 posset
379 1810 497 1882 cuique
513 1808 580 1863 non
598 1800 745 1863 auferret
760 1800 906 1862 fructum
923 1801 1130 1883 volupthtum
1150 1805 1251 1866 omni-

199 1926 226 1974 15
249 1925 305 1967 um
322 1904 486 1967 solitudo?
513 1911 629 1966 verum
646 1912 726 1985 ergo
741 1903 822 1966 illud
838 1913 898 1980 est,
917 1906 1006 1986 quod
1027 1913 1047 1968 a
1068 1908 1251 1972 Tarentino
1267 1919 1303 1970 88

247 2009 409 2091 Archyta,
434 2017 471 2071 ut
494 2017 621 2089 opinor,
646 2008 711 2070 dici
734 2007 866 2070 solitum
891 2017 1022 2072 nostros
1045 2019 1142 2076 senes
1166 2033 1251 2076 corn-

249 2119 432 2175 mcmorare
454 2113 565 2175 audivi
585 2112 627 2174 ab
648 2111 721 2174 aliis
738 2111 872 2175 senibus
892 2113 1059 2177 auditum:
1084 2125 1112 2177 si
1128 2117 1201 2198 quis
1217 2117 1249 2179 in

249 2215 378 2280 caelum
402 2215 608 2279 ascendisset
630 2222 850 2298 naturamque
874 2218 990 2280 mundi
1012 2227 1045 2281 et
1072 2219 1251 2300 pulchritu-

249 2320 361 2384 dinem
385 2320 530 2383 siderum
555 2319 788 2402 perspexisset,
806 2328 979 2384 insuavem
999 2321 1089 2384 illam
1114 2323 1251 2387 admira-

198 2453 227 2486 ω
248 2425 373 2488 tionem
397 2433 428 2486 ei
449 2424 530 2500 fore,
548 2443 633 2506 quae
656 2423 895 2488 iucundissima
918 2425 1045 2502 fuisset,
1064 2437 1092 2489 si
1106 2427 1250 2511 aliquem

198 2630 312 2679 between
324 2629 436 2678 freemen
448 2629 497 2678 and
510 2628 598 2687 slaves,
610 2629 661 2677 and
674 2627 737 2676 from
816 2639 852 2692 15.
872 2630 954 2690 quod
967 2667 973 2678 .
986 2665 992 2678 .
1005 2665 1010 2677 .
1028 2631 1173 2690 auditum,
1191 2633 1269 2681 which
1288 2635 1305 2682 I

198 2707 241 2754 the
259 2706 319 2768 high
337 2707 407 2754 ideas
424 2705 453 2754 oi
472 2705 568 2768 dignity
586 2706 635 2753 and
654 2719 738 2768 power
762 2703 826 2752 have
843 2704 927 2752 heard
943 2707 964 2753 it
980 2706 1041 2754 said
1050 2708 1105 2755 that
1121 2724 1170 2756 our
1187 2709 1230 2756 old
1244 2726 1302 2758 men

198 2782 336 2831 associated
350 2782 408 2830 with
421 2782 464 2830 the
477 2781 568 2829 former
580 2780 717 2829 condition.
763 2780 806 2828 tell
820 2796 848 2828 as
865 2797 881 2828 a
899 2788 1041 2844 customary
1052 2785 1145 2846 saying
1156 2787 1188 2849 os
1196 2785 1235 2832 the
1253 2788 1301 2833 Ta-

250 2871 270 2908 1.
288 2859 380 2908 ullam
393 2895 398 2906 .
412 2857 605 2914 ..ratlbnm
615 2872 668 2920 any
679 2857 736 2904 call·
764 2857 864 2904 rentine
889 2857 1018 2920 Archytas,
1046 2860 1065 2906 Ι
1089 2859 1184 2918 believe,
1206 2861 1306 2926 having

199 2936 246 2998 ing
266 2950 294 2982 or
311 2935 467 2998 parauit-
473 2945 495 2998 5.
519 2933 683 2991 ¹Hminem,
704 2949 737 2982 an
763 2933 877 2981 received
885 2934 907 2981 tt
916 2935 988 2999 fram
998 2935 1066 2983 ather
1074 2936 1138 2999 aged
1145 2952 1210 2987 men.
1239 2937 1298 3002 (R.)

197 3011 325 3059 Athenian
338 3010 516 3073 misanthrope,
529 3009 571 3057 the
588 3009 658 3057 chief
666 3009 736 3058 char·
761 3010 884 3071 -quod
901 3045 927 3058 ..
947 3047 952 3058 .
971 3011 1093 3060 solitum
1110 3012 1131 3060 is
1147 3013 1190 3061 the
1207 3013 1302 3076 subject

198 3093 265 3134 aeter
277 3087 303 3134 in
315 3101 364 3134 one
376 3086 405 3133 os
414 3086 609 3148 Shakespeare’s
621 3085 737 3149 plays.-
763 3085 792 3134 os
807 3086 925 3134 auaitum
949 3085 1032 3150 (esse).
1076 3088 1199 3152 Archytas
1218 3105 1302 3138 wasa

198 3163 220 3210 6.
241 3165 360 3212 tamen.
377 3197 383 3209 .
400 3197 404 3208 .
420 3161 566 3223 anquirat,
579 3168 623 3223 yet
633 3163 738 3210 musthe
763 3161 906 3210 celebrated
914 3162 1301 3226 philosopher,mathematician,

197 3238 331 3300 sech-7.
351 3237 434 3286 virus
454 3237 633 3286 acerbitatis
653 3250 734 3298 suae,
762 3238 872 3300 general,
891 3240 941 3286 and
957 3246 1092 3288 statesman
1112 3241 1141 3288 of
1153 3242 1299 3302 Tarentum,

197 3315 237 3362 his
248 3314 323 3376 “gall
331 3315 362 3379 af
371 3314 593 3374 bitterness.”-9.
611 3313 670 3363 hic
683 3349 689 3361 .
706 3348 713 3361 .
727 3349 733 3362 .
763 3314 840 3362 about
851 3327 900 3374 400
912 3326 999 3363 uc-
1009 3315 1045 3363 16.
1060 3319 1095 3364 ut
1107 3317 1213 3378 opinor
1225 3317 1245 3367 is
1258 3326 1302 3368 not
1317 3325 1323 3390 1Ῐ

197 3390 372 3451 ίῐθᾳιιοηῐίἃ,
392 3391 430 3438 the
446 3391 532 3453 society
549 3390 580 3454 os
593 3406 668 3446 men,·
691 3390 738 3444 heic
764 3391 823 3438 used
845 3397 871 3438 to
889 3391 998 3439 indicate
1019 3392 1105 3450 doubt,
1124 3393 1168 3442 but
1188 3393 1226 3442 for
1244 3410 1301 3443 ease

197 3466 308 3529 supplies
326 3467 368 3514 the
388 3465 445 3513 lack
466 3465 495 3514 ol
512 3470 519 3493 ‘
527 3466 585 3514 the’
596 3492 627 3500 —
639 3478 675 3514 11.
693 3467 738 3514 re·
763 3465 792 3513 ol
801 3466 1018 3529 quotation-20.
1031 3481 1108 3530 quae
1121 3505 1127 3517 .
1141 3505 1145 3516 .
1160 3503 1166 3516 .
1180 3470 1300 3521 nasset:

197 3555 269 3597 rum,
281 3542 319 3589 ie.
330 3541 396 3600 iood,
406 3541 527 3604 elothing,
539 3543 589 3590 and
601 3542 738 3590 shelter.-
763 3541 795 3590 N.
815 3556 870 3603 says
883 3543 936 3590 that
957 3545 1027 3591 these
1051 3559 1092 3591 are
1113 3545 1156 3592 the
1175 3548 1256 3595 words
1276 3548 1305 3596 of

202 3631 238 3679 13.
254 3617 385 3666 ferreus.
401 3653 407 3664 .
423 3652 429 3664 .
444 3617 539 3667 terre.
556 3652 561 3664 .
577 3652 583 3666 .
598 3617 736 3676 auferret,
763 3614 869 3674 Laelius,
893 3633 920 3665 as
940 3619 1070 3667 otherwise
1094 3637 1171 3684 quam
1187 3658 1193 3670 .
1207 3659 1231 3670 ..
1242 3624 1303 3688 sore

198 3709 214 3742 a
224 3693 281 3757 play
293 3708 361 3758 upon
373 3693 461 3754 words,
474 3708 592 3744 common
603 3693 630 3744 in
641 3693 736 3748 Cicero.
762 3693 846 3746 would
855 3694 918 3744 have
928 3695 993 3745 been
1002 3695 1099 3744 written
1104 3714 1111 3756 ;
1134 3697 1178 3746 but
1187 3698 1303 3748 relatives
