2952 4150
193 276 234 338 86
365 321 369 328 .
671 279 820 330 LAELIUS

243 440 406 522 quaedam
430 439 472 500 ad
497 437 631 501 modum
651 437 867 501 intolerabilis
886 437 1005 500 iniuria
1023 437 1191 514 exarserit,
1210 447 1246 501 ut

243 563 351 626 neque
374 549 501 606 rectum
526 561 635 624 neque
655 542 833 605 honestum
853 541 895 604 sit
915 561 976 605 nec
996 543 1066 604 fieri
1084 541 1191 623 possit
1210 551 1246 606 ut

243 655 309 710 non
334 645 445 709 statim
470 645 625 709 alienatio
649 645 892 728 disiunctioque
915 645 1074 708 faciunda
1095 645 1146 709 sit.
1194 656 1245 709 sin
1260 657 1293 708 77

243 761 354 814 autern
378 759 435 812 aut
459 758 586 813 mdrum
610 759 667 812 aut
695 749 878 812 studiorum
905 750 1121 813 committitis>
1148 771 1245 833 quae-

205 877 219 924 5
242 856 328 931 dam,
346 865 383 916 ut
398 855 470 916 fieri
492 855 585 930 solet,
603 854 694 916 facta
713 853 775 916 erit
791 863 848 915 aut
864 853 897 914 in
914 863 962 916 rei
979 854 1130 935 publicae
1147 855 1245 937 parti-

243 959 306 1022 bus
336 959 500 1022 dissensio
531 957 937 1040 intercesserit—loquor
975 959 1063 1020 enim
1101 959 1176 1036 iam,
1209 969 1245 1022 ut

243 1063 343 1145 paulo
366 1071 444 1125 ante
468 1063 541 1138 dixi,
559 1070 626 1124 non
646 1061 687 1124 de
703 1061 912 1143 sapientium,
931 1063 990 1124 sed
1007 1063 1048 1124 de
1064 1063 1244 1127 communi-

243 1166 305 1230 bus
322 1165 727 1241 amicitiis-cavendum
740 1165 857 1228 eritne
873 1173 940 1228 non
958 1167 1062 1229 solum
1080 1167 1243 1230 amicitiae

243 1270 424 1353 depositae,
441 1271 501 1333 sed
524 1269 622 1333 etiam
643 1269 833 1333 inimicitiae
853 1279 1029 1351 susceptae
1050 1271 1251 1347 videantur;·

194 1402 222 1435 ιο
243 1375 325 1438 nihil
349 1375 437 1438 enim
461 1383 512 1437 est
534 1374 664 1456 turpius
680 1394 789 1456 quam
813 1394 888 1436 cum
912 1382 952 1436 eo
975 1374 1097 1437 bellum
1117 1394 1242 1456 gerere,

244 1487 386 1561 quocum
409 1479 615 1542 familir'rriter
638 1477 766 1541 vixeris'.
813 1478 855 1540 ab
875 1478 1018 1541 amicitie
1036 1479 1076 1560 Q.
1096 1479 1245 1560 Pompeii

245 1591 320 1646 mes)
342 1583 476 1646 nomine
500 1590 536 1646 se
559 1590 754 1657 removerat,
775 1591 811 1644 ut
835 1583 935 1659 settis,
962 1583 1082 1664 Scipio,
1108 1593 1244 1665 propter

244 1687 485 1750 dissensionem
502 1697 622 1762 autem,
641 1707 726 1770 quae
742 1696 814 1750 erat
830 1686 864 1748 in
880 1694 916 1749 re
928 1687 1071 1769 publicis,
1083 1687 1245 1752 aliendtus

195 1806 196 1810 ’
244 1801 295 1855 est
311 1799 330 1854 ἐ
346 1793 486 1873 conlegi
502 1791 786 1872 nostrowMetelld:
811 1797 988 1874 utrumque
1005 1791 1073 1872 egit
1089 1792 1243 1873 graviter,

142 1891 145 1895 ’
195 1917 221 1965 15
244 1896 440 1960 auctoritate
456 1905 489 1959 et
506 1895 692 1958 offensione
708 1895 810 1957 animi
826 1903 893 1958 non
910 1895 1039 1958 acerbi.
1087 1917 1187 1978 quam
1204 1897 1246 1960 ob
1261 1907 1297 1958 78

245 2021 314 2064 rem
338 2011 481 2082 primum
504 2000 615 2062 danda
638 2009 815 2082 operaest
839 2007 882 2062 ne
907 2007 972 2082 quir
998 2008 1177 2063 amicorum
1203 2001 1246 2062 di-

172 2152 174 2156 *
194 2169 293 2229 repente
315 2165 514 2229 praecidere—
528 2176 548 2211 1.
572 2163 730 2222 exissem,
758 2178 790 2210 on
810 2178 852 2225 my
871 2168 1028 2211 account-
1042 2175 1078 2223 14.
1097 2162 1226 2212 Metello
1245 2162 1293 2226 (Q.

194 2241 276 2290 future
302 2241 398 2305 perfect
426 2241 489 2290 from
518 2240 685 2288 exardescere.
700 2266 733 2274 —
759 2237 917 2302 Caecilio),
936 2255 951 2287 a
971 2238 1105 2287 successful
1125 2239 1227 2301 general
1247 2241 1298 2289 and

195 2331 217 2366 2.
234 2330 332 2380 neque
346 2355 351 2366 .
365 2354 370 2366 .
384 2355 389 2366 .
402 2329 499 2380 neque
511 2323 618 2365 connect
631 2315 674 2364 the
690 2317 733 2363 ad·
759 2321 849 2372 orator,
881 2317 932 2364 and
965 2314 1078 2378 political
1110 2323 1240 2380 opponent
1271 2315 1300 2364 of

193 2393 307 2457 jectives3
331 2407 388 2444 nec
410 2400 530 2442 connects
550 2393 593 2441 the
612 2392 734 2440 verbs-
759 2390 852 2454 Scipio,
864 2391 908 2439 but
920 2391 980 2440 with
993 2391 1077 2440 whom
1093 2391 1132 2440 his
1147 2392 1236 2455 rivalry
1248 2407 1298 2441 was

195 2483 217 2534 3.
235 2471 388 2528 arenario,
397 2471 440 2518 the
448 2475 632 2532 estrangement
640 2468 668 2516 of
674 2467 732 2516 seel-
759 2465 876 2529 friendly;
904 2483 919 2516 a
939 2467 1068 2530 colleague
1088 2467 1141 2516 also
1164 2468 1193 2516 of
1213 2469 1298 2532 Scipio

195 2547 253 2609 ing3
276 2546 459 2604 diisrnotdr'),
469 2547 512 2595 the
523 2546 634 2595 outward
646 2544 732 2593 break.
759 2544 809 2592 and
833 2543 933 2592 Laelius
955 2544 980 2592 in
1004 2545 1047 2592 the
1070 2545 1214 2608 augurship.
1255 2546 1297 2594 He

244 2637 267 2684 4.
285 2626 362 2672 aut.
381 2660 386 2670 .
405 2658 411 2670 .
429 2625 496 2671 aut:
522 2622 565 2670 the
583 2622 633 2670 first
651 2636 730 2669 corre·
758 2634 808 2667 was
825 2621 959 2668 surnamed
977 2620 1166 2679 Macedonicus,
1182 2621 1232 2670 and
1248 2637 1298 2669 was

194 2698 257 2748 lates
268 2699 328 2748 with
341 2705 389 2748 aut
398 2698 484 2746 before
500 2699 529 2746 iu
544 2698 652 2760 reipub.
661 2714 671 2752 ,·
690 2698 732 2745 the
759 2696 801 2744 the
813 2696 886 2744 stock
900 2695 1048 2745 illustration
1064 2697 1091 2744 in
1107 2697 1209 2745 ancient
1226 2697 1298 2746 times

194 2777 289 2825 second
306 2775 327 2824 is
344 2776 405 2824 used
423 2774 461 2822 for
478 2775 523 2823 vel.
560 2775 622 2836 (See
636 2789 669 2821 on
684 2774 729 2830 vet,
759 2772 1003 2834 ofhumanfelicity.
1028 2773 1115 2822 Cicero
1127 2771 1242 2836 (Brutus
1250 2773 1294 2835 81)

195 2851 277 2916 §13.)
292 2877 326 2888 -
340 2864 377 2900 10.
397 2850 509 2900 bellum
530 2861 632 2912 gerere
647 2869 670 2892 =
686 2865 734 2897 erse
759 2864 814 2911 says
837 2849 866 2896 of
885 2848 953 2897 him:
983 2851 1053 2897 Nam
1078 2851 1107 2912 Q.
1131 2851 1255 2908 Metellus,
1276 2851 1299 2898 is

193 2929 335 2978 hostem.-
349 2940 386 2976 11.
409 2926 553 2988 Pompeii,
577 2924 663 2974 consul
688 2937 730 2986 141
759 2926 833 2974 cuius
855 2931 975 2988 quattuor
993 2925 1059 2990 filu·
1076 2926 1219 2974 co'usuldrts
1236 2927 1297 2992 sue*

194 3017 244 3054 luc.
286 3005 328 3053 He
351 3004 372 3052 is
394 3004 449 3052 said
472 3009 497 3052 to
520 3003 584 3050 have
607 3001 733 3066 promised
760 3008 831 3059 runt,
850 3003 880 3049 in
895 3006 990 3064 priurts
1006 3008 1041 3049 est
1055 3002 1155 3051 habitus
1173 3003 1295 3066 eloquens.

195 3081 280 3145 Scipio
296 3087 322 3130 to
338 3080 380 3129 aid
396 3080 439 3129 the
457 3094 561 3128 canvass
578 3078 607 3127 of
622 3078 731 3138 Laelius,
758 3077 813 3126 The
825 3077 881 3126 four
892 3093 951 3129 sons
964 3077 1023 3125 here
1038 3078 1185 3128 mentioned
1199 3094 1241 3128 are
1255 3080 1298 3127 de-

194 3159 239 3208 but
261 3157 341 3206 broke
365 3157 405 3204 his
429 3155 538 3220 promise
564 3155 614 3202 and
640 3154 733 3202 offered
759 3153 1138 3215 scribedbyVell.Pat.1,11:
1158 3159 1227 3203 unus
1242 3160 1298 3202 ctu·

194 3233 297 3282 himself
310 3249 338 3282 as
352 3249 367 3280 a
381 3232 522 3280 candidate.
559 3230 639 3292 (Dict.
653 3230 732 3292 Biog„
758 3231 855 3278 suldris
874 3237 898 3277 et
912 3231 1048 3286 censorius,
1066 3231 1131 3278 alter
1149 3231 1298 3288 ctusuletris,

185 3311 328 3373 ,Pompeius
351 3308 390 3371 3.)
436 3307 525 3356 Cicero
548 3307 663 3369 (Brutus
684 3306 730 3368 96)
759 3307 847 3354 tertius
856 3307 949 3364 consul,
959 3311 1067 3369 qudrtus
1078 3307 1231 3355 caudiddtur
1242 3313 1298 3354 con·

193 3401 249 3449 says
266 3385 375 3433 othim:
399 3385 428 3445 Q.
444 3384 513 3432 euim
531 3384 664 3446 Pomptius
681 3388 733 3430 ndu
758 3383 863 3440 sedatus,
886 3398 958 3446 quem
985 3383 1105 3430 honorem
1129 3383 1233 3446 adeptus
1255 3390 1296 3432 est.

194 3468 345 3524 contemptur
355 3466 441 3508 drdtor
450 3460 600 3523 temporibus
612 3459 732 3524 itlrssuit,
759 3457 840 3522 (Dict.
853 3459 933 3521 Biog.,
946 3459 1061 3506 Metellus
1074 3457 1110 3523 5.)

195 3543 242 3602 qut
258 3543 368 3585 summor
386 3537 490 3584 honores
507 3537 579 3584 homo
590 3542 640 3598 per
656 3539 680 3582 si
697 3551 732 3582 co·
795 3545 831 3598 15.
849 3547 939 3596 quam
956 3535 997 3583 ob
1014 3547 1084 3591 rem,
1097 3535 1124 3582 in
1138 3534 1202 3583 view
1216 3534 1245 3584 os
1256 3535 1299 3584 the

192 3616 280 3678 guitur
291 3615 346 3662 siue
361 3613 416 3661 ulld
430 3613 642 3660 commendatum
654 3613 732 3659 maio·-
759 3616 904 3659 statements
922 3611 950 3658 of
965 3611 1007 3658 the
1025 3617 1074 3658 two
1092 3612 1230 3674 preceding
1246 3627 1299 3660 sec-

195 3706 255 3740 rum
267 3697 302 3739 est
311 3691 460 3754 adeptus.—
472 3701 509 3737 12.
524 3688 593 3738 med
605 3687 732 3747 nomine,
759 3687 873 3736 tious.—
883 3686 919 3735 16.
937 3687 1071 3747 primum,
1090 3688 1141 3736 first
1161 3689 1187 3738 in
1207 3689 1298 3753 impor-
