2952 4150
215 287 258 351 90
693 286 843 337 carmos

267 439 451 504 comitatus.
500 441 582 506 haec
603 452 663 518 est,
681 443 827 525 inquam,
845 443 995 520 societas,
1014 444 1048 507 in
1069 452 1135 528 qui
1155 446 1267 510 omnia
1285 456 1321 508 84

266 554 389 621 insunt,
421 565 506 628 quae
537 556 657 628 putant
687 547 838 610 homines
869 549 1065 629 expetenda,
1098 551 1267 626 honestas,

267 651 381 732 gloria,
399 650 619 733 tranquillitas
639 651 742 713 animi
757 661 856 734 atque
876 651 1073 729 idcunditas,
1091 663 1176 718 utet
1192 675 1268 718 cum

268 756 349 818 haec
371 754 481 817 adsint
502 755 601 818 beata
616 765 684 818 vita
707 755 749 818 sit
765 765 798 818 et
820 757 891 820 sine
911 758 963 820 his
979 777 1052 820 esse
1069 765 1136 820 non
1152 759 1266 839 possit.

230 880 243 927 s
267 859 356 942 quod
379 880 455 922 cum
478 859 642 940 optimum
668 859 913 942 maximumque
937 860 988 936 sit,
1009 871 1038 923 si
1059 861 1093 924 id
1115 863 1268 926 volumus

267 963 414 1044 adipisci,
441 963 554 1026 virtfiti
579 983 682 1044 opera
706 964 818 1026 danda
842 973 902 1041 est,
926 963 998 1028 sine
1019 972 1084 1047 qua
1108 986 1170 1030 nec
1192 977 1268 1029 arni-

267 1067 378 1132 citiam
405 1088 514 1151 neque
542 1068 643 1130 sillam
670 1088 740 1130 rem
767 1069 987 1150 expetendam
1015 1077 1175 1152 consequi
1197 1091 1269 1152 pos-

267 1192 399 1249 sumus;
439 1179 479 1235 ea
515 1179 594 1234 vero
632 1172 785 1253 neglfmta
823 1183 881 1254 qui
918 1180 954 1236 se
984 1181 1108 1236 amicos
1146 1173 1269 1238 habere

267 1275 476 1350 arbitrantur,
494 1286 565 1338 tum
584 1283 620 1340 se
640 1276 783 1358 denique
799 1283 927 1342 errasse
944 1277 1102 1354 sentiunt,
1120 1297 1194 1342 cum
1211 1286 1268 1342 eos

217 1402 244 1434 10
267 1380 377 1461 gravis
396 1380 497 1462 aliqui
518 1387 614 1444 casus
634 1390 775 1462 experiri
798 1381 895 1462 cogit.
943 1382 1097 1464 quochca
1109 1382 1268 1446 —dicen-
1284 1393 1319 1443 85

267 1485 346 1547 dum
365 1494 417 1548 est
435 1485 523 1547 enim
544 1485 677 1566 saepius
688 1505 816 1548 -cum
837 1485 1001 1562 indicaris,
1019 1486 1157 1569 diligere
1175 1507 1269 1569 opor-

267 1598 324 1664 tet,
341 1597 417 1665 n6n,
435 1609 510 1652 cum
535 1589 697 1664 dilexeris,
716 1589 870 1652 indicare.
918 1589 977 1653 sed
1000 1609 1076 1653 cum
1099 1591 1211 1654 multis
1234 1591 1268 1654 in

268 1693 366 1756 rebus
390 1693 602 1775 neglegentia
626 1693 808 1774 plectimur,
834 1703 905 1756 turn
930 1693 1070 1756 maxime
1093 1694 1126 1757 in
1155 1704 1268 1758 amicis

267 1806 301 1859 et
325 1797 501 1878 diligendis
526 1806 559 1860 et
585 1796 750 1872 colendis;
782 1806 1007 1878 praeposteris
1032 1797 1121 1860 enim
1146 1797 1269 1860 fitirnur

218 1921 243 1968 15
267 1901 412 1964 consiliis
439 1911 473 1963 et
499 1908 574 1964 acta
601 1900 740 1981 agimus
770 1901 860 1982 quod
882 1907 1035 1964 vetamur
1057 1910 1169 1964 vetere
1197 1909 1268 1984 pro

267 2004 389 2066 verbio.
437 2025 514 2066 nam
533 2004 693 2086 implicati
711 2004 798 2066 filtro
813 2013 847 2067 ct
862 2003 945 2068 citro
960 2006 1014 2068 vel
1034 2012 1095 2068 itsr't
1113 2004 1270 2068 didturno

267 2108 320 2171 vel
350 2108 449 2171 etiam
477 2107 592 2171 officiis
619 2117 758 2190 repente
786 2107 820 2170 in
847 2108 957 2176 medio
981 2116 1079 2173 cursr'r
1107 2108 1268 2172 amicitias

267 2220 379 2276 exorta
403 2211 512 2294 aliqua
535 2212 722 2276 offensione
746 2212 993 2295 disrumpimus.

311 2317 446 2380 XXIII.
466 2316 653 2398 Quoetiam
664 2315 769 2398 magis
779 2316 1000 2399 vituperanda
1010 2327 1118 2382 estrei
1128 2317 1269 2381 maxime
1285 2328 1321 2380 86

265 2491 288 2527 2.
301 2478 454 2535 honestas,
466 2478 683 2540 distinctim-3.
695 2478 753 2526 ani-
828 2491 865 2542 13.
876 2481 1075 2542 neglegenda:
1090 2480 1198 2529 ablativa
1204 2479 1234 2529 oi
1238 2495 1320 2529 cause.

215 2555 263 2612 mi,
278 2561 305 2603 to
322 2555 353 2602 be
370 2554 456 2617 joined
472 2555 531 2603 with
548 2554 610 2603 both
625 2555 755 2618 tranquil·
780 2555 1138 2624 -plectlmurmesdffem
1156 2556 1252 2619 usually
1261 2556 1321 2604 with

215 2633 274 2679 litds
294 2632 344 2680 and
363 2631 517 2688 iacundilds,
536 2631 618 2678 which
639 2631 754 2693 together
781 2631 824 2681 the
838 2632 895 2680 idea
907 2633 936 2682 oi
951 2633 1126 2696 wrong-doing
1143 2648 1170 2682 as
1187 2633 1230 2682 the
1247 2648 1321 2681 cause

215 2708 278 2755 form
293 2708 335 2756 the
351 2707 418 2756 third
436 2708 547 2755 member
559 2707 588 2755 ol
601 2707 644 2755 the
661 2707 749 2766 series;
781 2708 811 2757 oi
820 2709 862 2757 the
874 2709 1085 2774 suffering-15.
1106 2711 1177 2758 fleta
1189 2709 1319 2771 agimus:

215 2783 236 2832 ii
246 2785 393 2832 incunditas
409 2785 483 2833 stood
501 2785 574 2833 alone
593 2801 620 2834 as
637 2802 652 2834 a
670 2786 753 2835 fourth
782 2786 914 2849 aproverb
933 2787 1064 2835 borrowed
1082 2785 1146 2834 from
1166 2786 1210 2834 the
1230 2793 1321 2844 courts,

215 2861 334 2919 member,
347 2867 422 2924 atque
433 2860 515 2909 would
530 2862 593 2910 have
605 2863 671 2911 been
683 2863 754 2911 omit·
782 2862 909 2925 meaning,
937 2866 977 2910 ‘to
1001 2862 1076 2926 plead
1100 2878 1115 2911 a
1140 2877 1197 2911 case
1222 2861 1322 2923 already

215 2938 264 2994 ted,
277 2951 319 2984 see
332 2953 365 2984 on
377 2944 406 2994 et,
420 2937 433 3000 §
444 2949 487 2999 39;
511 2939 659 2986 iucunditas
668 2954 754 2986 means
781 2938 887 2996 settled,’
902 2938 991 2996 hence,
1007 2942 1047 2986 ‘to
1063 2945 1103 2987 act
1121 2946 1164 2987 too
1180 2938 1245 2987 late)
1280 2937 1320 2984 (tt.

214 3013 455 3078 cheersulness.-4.
479 3014 572 3062 baiba
595 3015 671 3072 viba,
693 3015 755 3077 lmp-
781 3015 837 3063 Ter.
870 3014 943 3062 Phor.
975 3027 1042 3075 419:
1082 3015 1152 3062 Ohe!
1185 3014 1321 3066 “acrama’'

216 3090 311 3152 piness.
324 3089 434 3138 -slne
462 3089 510 3138 his
525 3110 549 3134 =
564 3092 603 3138 his
630 3091 754 3148 AEstitrita
781 3087 1322 3153 diunt,“n2aga's.”-16.fflubetcl-

216 3165 353 3227 modifying
371 3166 413 3213 the
432 3165 535 3228 subject.
574 3166 755 3230 Prepositional
782 3165 840 3224 tro,
854 3165 898 3223 lit,
916 3165 1025 3214 ‘thither
1042 3164 1093 3214 and
1110 3163 1212 3223 hither,’
1229 3163 1319 3221 hence,

214 3242 325 3304 phrases,
338 3242 471 3305 especially
481 3243 540 3290 with
553 3243 616 3302 sine,
631 3258 673 3290 are
686 3241 755 3291 often
783 3241 964 3306 ‘completely’
978 3240 1122 3306 expressing
1135 3239 1178 3288 the
1197 3238 1321 3302 complete

214 3318 363 3366 substituted
390 3318 427 3366 for
457 3319 592 3381 adjectives
619 3319 692 3366 when
721 3335 754 3366 no
782 3317 951 3366 involvement
974 3333 1003 3366 or
1028 3316 1216 3379 entanglement
1239 3314 1322 3363 which

214 3395 351 3457 ambiguity
371 3411 419 3443 can
438 3395 579 3459 ariae-5.
601 3395 691 3456 quod,
711 3395 754 3442 the
782 3394 858 3442 arises
878 3394 941 3442 from
959 3399 1020 3442 risus
1037 3393 1187 3450 citaturum,
1207 3407 1235 3440 or
1259 3391 1322 3440 irorn

213 3474 365 3520 antecedent
384 3472 404 3520 is
424 3473 467 3520 the
488 3471 578 3529 clause,
596 3472 638 3519 the
659 3486 754 3534 posses·
782 3471 870 3536 officia.
908 3468 964 3533 (L.)

213 3550 268 3596 sion
287 3549 316 3597 os
333 3548 479 3613 happiness.
488 3575 519 3583 —
528 3560 549 3610 7.
567 3559 664 3609 neque
676 3567 699 3589 =
712 3563 756 3595 nec
834 3559 870 3608 19.
883 3546 990 3608 magist
1007 3545 1148 3594 ill-advised
1160 3545 1231 3593 haste
1244 3544 1268 3592 in
1279 3543 1323 3592 the

213 3630 323 3684 onrm'mi,
345 3629 406 3672 ‘nor
426 3640 475 3686 any
496 3623 617 3672 desirable
639 3622 711 3685 thing
729 3630 755 3672 at
782 3622 915 3671 formation
937 3622 966 3670 of
983 3621 1136 3685 friendships
1154 3621 1236 3669 which
1259 3636 1323 3669 soon

213 3701 263 3749 all’
781 3699 845 3748 have
868 3705 895 3748 to
917 3699 950 3748 be
970 3699 1068 3748 broken
1088 3698 1108 3747 is
1129 3697 1323 3763 reprehensible,
