2952 4150
613 255 788 326 ¹CHAPTER
810 255 884 304 XXI.

254 411 358 478 scidia
379 412 483 490 iiant;
508 422 565 476 'sin
589 413 656 476 tole
679 413 802 496 aliquid
826 411 982 489 evenerit,
1009 421 1045 476 ut
1072 421 1254 478 exstinctae

250 517 365 600 'potius
388 517 552 581 amicitiae
575 538 675 601 quam
698 537 882 600 oppressae
905 517 1089 580 videantur.
1140 535 1256 582 caven-

255 622 334 696 dum
350 629 429 684 voro
447 629 490 684 no
508 621 609 686 etiarn
628 622 661 684 in
678 631 789 704 gravis
805 621 992 685 inimicitiis
1008 631 1205 685 convertant
1220 629 1256 685 so

255 726 427 802 amicitiae,
458 746 499 789 ex
525 725 646 808 quibus
676 725 792 808 iorgia,
822 725 1005 802 maledicta,
1034 725 1255 790 contumeliae

218 851 232 900 s
254 830 454 912 gignuntur;
480 850 565 912 quae
584 839 698 894 tamen
717 839 745 892 si
764 829 951 894 tolerobilos
968 839 1074 905 erunt,
1091 829 1256 893 ferundae

256 944 333 998 sunt
352 944 385 998 et
404 936 458 998 hic
479 935 586 998 honos
604 943 709 996 veteri
724 933 888 997 amicitiae
903 933 1108 1010 tribuendus,
1127 942 1163 996 ut
1178 933 1206 998 is
1221 932 1256 996 in

255 1039 354 1121 culpo
370 1038 420 1115 sit,
438 1048 496 1121 qui
510 1037 621 1114 iaciat,
638 1045 706 1100 non
722 1037 758 1114 is,
776 1047 833 1120 qui
847 1037 993 1119 patiatur
1007 1037 1169 1101 inioriam.

300 1143 448 1208 Omnino
460 1142 607 1205 omnium
621 1143 739 1204 horum
751 1141 906 1204 vitiorum
919 1151 1019 1224 atque
1034 1141 1256 1208 incommodo

256 1267 329 1310 rum
353 1255 420 1310 ona
442 1247 552 1314 cautio
575 1256 626 1310 est
649 1255 749 1329 atque
773 1253 840 1309 ona
863 1245 1015 1328 provisio,
1033 1255 1070 1309 ut
1092 1253 1135 1310 no
1157 1246 1255 1310 nimis

206 1375 233 1408 10
255 1351 322 1416 cito
344 1351 480 1432 diligere
500 1350 662 1432 incipiant
677 1357 761 1414 nove
778 1358 845 1414 non
861 1351 989 1432 dignos.
1036 1351 1130 1432 digni
1144 1359 1256 1414 autem
1271 1360 1307 1414 79

256 1466 334 1519 sunt
361 1455 513 1540 amicitiai,
542 1455 662 1538 quibus
689 1454 723 1518 in
751 1454 833 1537 ipsis
859 1455 946 1518 inest
972 1475 1074 1540 causa
1104 1461 1163 1518 cor
1188 1454 1257 1518 dili-

255 1569 386 1642 gantur.
432 1567 543 1622 rorum
570 1559 695 1641 genus!
725 1569 758 1622 et
785 1559 920 1641 quidem
947 1558 1059 1622 omnia
1085 1558 1257 1641 praeclara

256 1671 338 1740 rora,
355 1684 418 1728 nec
437 1663 614 1746 quicquam
634 1662 798 1726 difficilius
817 1683 918 1746 quam
936 1673 1083 1746 reperire
1104 1664 1193 1746 quod
1214 1663 1257 1726 sit

255 1778 347 1832 omni
362 1788 402 1831 ex
417 1777 512 1850 parte
528 1768 562 1830 in
579 1775 640 1830 suo
655 1752 779 1848 genere
795 1768 991 1849 perfectum.
1031 1767 1091 1830 sed
1107 1767 1256 1849 plerique

205 1893 231 1940 15
256 1892 364 1954 neque
380 1872 414 1934 in
430 1871 529 1934 robus
547 1872 701 1934 humanis
718 1871 894 1954 quicquam
913 1871 1039 1935 bonum
1047 1876 1178 1934 'norunt
1193 1871 1257 1934 nisi

255 1976 345 2058 quod
360 1976 570 2039 froctuosum
587 1975 637 2052 sit,
656 1984 689 2038 et
705 1983 829 2039 amicos
848 1985 1020 2058 tamquam
1036 1975 1183 2058 pecudos
1199 1983 1257 2040 eos

256 2079 465 2162 potissimum
489 2079 641 2162 diligunt,
658 2099 699 2143 ex
719 2079 839 2162 quibus
860 2087 997 2164 sporant
1018 2087 1055 2144 so
1077 2078 1256 2142 maximum

203 2294 277 2339 lance
300 2303 327 2337 as
347 2287 403 2336 well
420 2303 448 2337 as
465 2288 533 2338 time.
544 2315 579 2326 —
592 2301 613 2338 1.
630 2288 744 2338 exstin-
770 2289 901 2354 §27.—3.
912 2289 995 2349 voro,
1007 2289 1141 2349 intensive;
1160 2289 1204 2339 the
1216 2289 1309 2354 impor-

203 2369 274 2416 otae
286 2401 293 2415 .
306 2402 312 2414 .
325 2401 331 2414 .
344 2377 522 2426 oppressae:
540 2365 583 2414 the
595 2365 645 2414 first
657 2380 744 2414 means
769 2373 823 2416 tant
835 2368 1019 2417 consideration
1030 2369 1051 2417 is
1062 2375 1089 2418 to
1100 2373 1205 2432 prevent
1220 2383 1236 2418 a
1251 2383 1309 2433 rup-

202 2441 287 2504 slowly
308 2441 490 2504 extinguished,
510 2441 562 2490 like
583 2457 598 2490 a
617 2441 672 2500 fire;
700 2441 743 2490 the
769 2451 823 2493 ture
835 2443 864 2492 oi
873 2444 1023 2508 friendship3
1044 2445 1089 2494 but
1105 2444 1126 2493 if
1140 2444 1195 2494 that
1211 2459 1305 2505 occurs,

202 2519 298 2567 second
317 2533 404 2567 means
423 2518 607 2567 overwhelmed
625 2518 658 2580 by
673 2533 742 2566 some
769 2520 788 2569 it
800 2521 860 2568 then
873 2521 990 2569 becomes
1006 2521 1142 2585 important
1158 2527 1185 2569 to
1202 2526 1308 2585 prevent

202 2595 301 2644 sudden
318 2594 398 2655 force}
420 2610 448 2644 so
465 2596 516 2644 Cat.
531 2595 598 2643 Mai.
614 2606 659 2658 71:
678 2593 742 2642 adu·
768 2597 823 2644 love
855 2596 919 2644 from
949 2597 1052 2660 turning
1081 2597 1135 2646 into
1166 2597 1263 2646 hatred.
1278 2623 1308 2632 —

203 2671 315 2720 liscentis
335 2672 401 2719 mihi
423 2675 492 2719 more·
510 2675 545 2719 sic
564 2670 694 2728 videntur,
715 2677 744 2718 ut
768 2672 791 2722 8.
813 2673 943 2731 omnino,
962 2679 985 2721 to
1004 2689 1060 2722 sum
1085 2681 1137 2737 up‚·
1160 2673 1262 2736 looking
1281 2679 1310 2722 at

203 2764 260 2796 crem
278 2764 361 2812 aquae
381 2748 547 2797 multitidine
565 2751 603 2796 vis
616 2747 742 2812 flammae
767 2749 805 2797 the
825 2756 916 2797 matter
934 2765 964 2798 as
982 2765 999 2797 a
1019 2749 1101 2798 whole.
1135 2748 1194 2812 (R.)
1224 2749 1307 2797 There

203 2825 378 2888 opprimitur,·
395 2828 463 2874 senis
480 2831 565 2872 autem
582 2828 624 2882 sic,
644 2829 673 2871 ut
685 2838 741 2872 cum
767 2825 788 2874 is
807 2825 860 2874 also
883 2841 899 2874 a
920 2825 996 2888 slight
1019 2824 1162 2874 concessive
1185 2823 1262 2873 force.
1275 2851 1308 2860 —

203 2906 252 2949 suo
265 2907 356 2965 sponte,
369 2901 443 2949 molid
456 2900 571 2949 adhibito
582 2904 742 2958 voconsrim·
768 2915 791 2963 9.
813 2901 935 2951 cautio:
962 2901 1060 2950 verbals
1082 2901 1108 2950 in
1131 2901 1158 2949 io
1178 2900 1237 2949 with
1261 2915 1308 2948 esse

201 2983 259 3042 prees
277 2977 345 3042 ignis
364 2977 544 3040 exstinguitur.
578 2975 742 3024 “Dissimilar
768 2977 838 3026 osten
858 2992 953 3040 convey
970 2977 1013 3027 the
1035 2977 1094 3027 idea
1113 2976 1142 3026 of
1161 2975 1306 3040 possibility.

203 3053 247 3102 but
255 3053 401 3103 coordinate
409 3053 552 3117 metaphora
560 3068 602 3101 are
609 3052 742 3116 especially
770 3054 857 3118 (Nig,
870 3053 933 3118 558,
948 3066 969 3112 1,
983 3053 1004 3112 b,
1015 3069 1040 3118 p.
1054 3052 1123 3117 226.)

203 3145 321 3179 common
344 3130 405 3180 with
429 3130 502 3178 verbs
525 3129 607 3180 which
633 3129 742 3178 indicate
820 3143 857 3178 12.
870 3130 1026 3192 praeclara
1036 3131 1117 3180 rora:
1134 3129 1177 3178 the
1188 3127 1307 3178 omission

203 3206 360 3270 weakening,
380 3207 531 3269 destroying,
552 3221 580 3254 or
602 3205 740 3268 removing,
768 3205 798 3255 of
813 3206 856 3255 the
875 3207 934 3255 verb
952 3206 973 3255 is
993 3205 1126 3270 especially
1145 3221 1262 3254 common
1280 3205 1307 3253 in

203 3298 239 3340 or,
262 3298 296 3331 on
321 3283 364 3332 the
390 3283 463 3332 other
488 3282 565 3340 hand,
590 3281 739 3346 producing,
768 3282 909 3346 proverbial
917 3283 968 3332 and
976 3283 1131 3332 sententious
1143 3281 1307 3346 expressions,

202 3359 401 3422 strengtbening‚
424 3359 570 3422 prevailing,
593 3374 621 3407 or
645 3372 741 3422 posses·
768 3360 818 3408 and
836 3359 862 3408 in
880 3359 931 3408 this
949 3374 1006 3408 case
1024 3359 1159 3408 intensifies
1177 3359 1220 3408 the
1240 3373 1306 3407 asso·

202 3435 257 3484 sion
281 3435 310 3483 os
329 3435 467 3497 strength.'’
507 3435 594 3498 (Nog,
615 3434 698 3498 §128‚
719 3447 741 3493 2,
768 3451 849 3484 nance
864 3435 1209 3499 (praeclarardra).-14.
1224 3433 1308 3484 omni

202 3527 227 3576 p.
246 3510 315 3576 514)
352 3511 389 3560 Cf.
409 3511 558 3559 dissuendae
578 3511 628 3560 and
648 3511 740 3558 discin-
767 3523 808 3560 ex
824 3515 920 3572 parte,
938 3512 968 3560 in
986 3527 1059 3575 every
1072 3516 1171 3575 respect,
1186 3509 1307 3560 modified

201 3589 297 3636 dendae
317 3587 343 3635 in
363 3587 430 3650 576.
464 3587 575 3637 Observe
595 3587 639 3635 the
662 3588 742 3650 magis
767 3587 800 3649 by
823 3589 853 3636 in
878 3593 925 3636 suo·
942 3603 1043 3652 genere,
1065 3586 1167 3638 ‘within
1192 3585 1224 3638 its
1249 3601 1306 3636 own

202 3665 271 3714 there
284 3665 335 3713 and
346 3664 433 3728 potius
448 3663 520 3722 here;
542 3678 584 3712 see
602 3678 635 3711 on
648 3664 740 3726 potiris,
766 3663 873 3728 sphere.’
