2952 4150
204 285 247 352 70
680 283 828 337 mamus

255 449 316 523 pro
331 443 468 506 deorum
484 444 584 506 fidem
603 452 702 526 atque
719 443 900 518 hominum,
918 453 974 526 qui
988 443 1076 518 velit,
1094 451 1131 505 ut
1146 461 1256 525 neque

255 546 372 628 diligat
392 567 592 630 quemquam
616 567 678 610 nec
701 547 773 629 ipse
793 548 834 610 ab
854 547 922 609 ullo
937 547 1103 629 diligatur,
1121 546 1257 610 circum-

255 650 357 714 fluere
380 651 533 714 omnibus
557 652 661 732 copiis
681 661 780 734 atque
800 651 834 714 in
855 651 1002 714 omnium
1026 658 1135 713 rerum
1156 651 1258 713 abun-

255 755 368 818 dantia
388 755 522 818 vivere?
546 756 628 820 haec
650 755 739 818 enim
761 765 811 818 est
833 763 1050 840 tyrannorum
1070 764 1147 830 vita,
1166 765 1257 817 nimi-

218 879 231 926 5
254 879 327 922 rum
355 858 388 920 in
415 866 481 940 qua
508 860 600 921 nulla
623 859 715 935 fides
744 860 835 921 nulla
862 859 991 934 caritas
1016 859 1108 921 nulla
1131 859 1257 922 stabilis

219 1018 222 1024 .
254 962 506 1026 benevolentiae
530 972 640 1044 potest
663 983 737 1026 esse
760 963 894 1038 fiducia,
917 962 1029 1026 omnia
1053 982 1185 1045 semper
1209 983 1258 1024 su-

255 1075 481 1149 spectantque
492 1067 640 1143 sollicita,
653 1069 763 1130 nullus
779 1067 871 1130 locus
888 1067 1065 1143 amicitiam
1083 1066 1156 1148 quis
1169 1066 1257 1128 enim
1273 1076 1309 1126 53

255 1180 312 1234 aut
327 1191 404 1234 eum
420 1171 545 1253 diligat,
563 1191 662 1253 quem
679 1180 813 1246 metuat,
829 1181 885 1234 aut
898 1191 983 1247 eum,
997 1178 1017 1233 a
1030 1179 1095 1252 quo
1108 1177 1144 1232 se
1156 1179 1260 1233 metui

256 1274 372 1356 putet?
439 1275 593 1338 coluntur·
622 1284 735 1337 tamen
767 1275 977 1338 simulatione
1009 1275 1182 1337 dumtaxat
1216 1273 1258 1337 ad

133 1395 134 1399 ’
205 1401 232 1434 ιο
254 1389 406 1460 tempus:
431 1379 521 1460 quod
546 1389 574 1442 si
596 1379 692 1454 forte,
713 1388 749 1442 ut
771 1380 808 1441 fit
831 1380 1036 1461 plerumque,
1057 1377 1256 1454 ceciderunt,

255 1493 327 1546 tum
343 1483 547 1564 intellegitur
563 1503 662 1565 quam
679 1483 803 1546 fuerint
819 1482 936 1565 inopes
953 1490 1149 1560 amicorum,
1169 1482 1259 1564 quod

256 1586 474 1669 Tarquinium
490 1587 612 1650 dixisse
629 1587 750 1663 ierunt,
764 1597 835 1650 tum
853 1583 1096 1672 [exsulantem]
1116 1594 1152 1650 se
1168 1586 1260 1649 intel-

255 1691 383 1767 lexisse,
400 1699 483 1774 quos
499 1691 586 1754 fidos
599 1699 723 1754 amicos
740 1691 921 1768 habuisset,
939 1699 1021 1774 quos
1038 1691 1170 1766 infidos,
1184 1711 1259 1753 cum

256 1795 322 1858 iarn
338 1805 464 1858 neutris
480 1795 621 1877 gratiam
638 1796 763 1858 referre
780 1804 913 1876 posset:
938 1815 1140 1877 quamquam
1159 1803 1260 1858 miror
1275 1803 1311 1854 54

207 1921 233 1967 15
255 1899 310 1962 illa
335 1899 489 1981 superbia
513 1909 546 1963 et
567 1899 817 1981 importunitate
841 1909 869 1961 si
892 1919 1092 1981 quemquam
1116 1909 1259 1961 amicum

257 2003 380 2066 habere
408 2003 523 2085 potuit.
587 2013 686 2086 atque
714 2013 750 2066 ut
778 2003 884 2078 huius
914 2022 1014 2085 quem
1045 2003 1120 2078 dixi,
1149 2009 1258 2065 mores

256 2115 353 2170 veros
383 2115 507 2171 amicos
538 2127 655 2189 parere
687 2115 754 2170 non
785 2115 974 2189 potuerunt,
1004 2116 1051 2170 stc
1082 2106 1260 2170 multorum

205 2317 335 2382 participle
352 2319 397 2367 has
416 2318 505 2367 almost
521 2319 563 2366 the
580 2318 648 2367 force
667 2319 696 2366 of
713 2335 745 2368 an
822 2331 844 2382 7.
862 2319 948 2381 qula.
964 2355 970 2367 .
986 2354 991 2366 .
1006 2321 1110 2380 putet:
1129 2317 1160 2367 cf.
1176 2317 1313 2366 “Tbereis

206 2394 370 2456 auxiliary.—
380 2407 400 2442 1.
416 2398 468 2443 ut.
482 2431 502 2443 ..
514 2395 664 2457 diligatur,
674 2395 745 2442 witla-
772 2411 805 2443 no
817 2395 870 2442 fear
885 2395 911 2442 in
927 2395 992 2453 love,
1007 2394 1051 2443 but
1065 2393 1162 2459 perfect
1178 2391 1235 2442 lov'e
1250 2399 1311 2442 cast·

206 2471 546 2534 outlovingorbeingloved.
574 2471 629 2518 The
642 2471 745 2533 English
772 2471 814 2518 eth
827 2478 871 2520 out
880 2471 955 2520 fear.'’
987 2471 1078 2534 [John
1090 2471 1122 2520 iv.
1137 2469 1245 2532 18.-9.
1262 2481 1312 2519 co·

205 2553 306 2612 present
323 2547 420 2610 passive
440 2547 570 2610 participle
591 2548 611 2594 is
631 2547 745 2611 supplied
771 2547 896 2596 luntur.
918 2583 924 2595 .
945 2583 951 2594 .
974 2546 1176 2607 simulatione,
1196 2547 1236 2595 i.e.
1254 2545 1313 2609 they

205 2624 232 2672 in
250 2623 324 2671 Latin
342 2623 374 2684 by
392 2638 407 2670 a
424 2623 545 2686 temporal
563 2623 654 2671 clause.
698 2623 745 2672 See
772 2623 867 2671 receive
886 2623 929 2672 the
945 2625 1056 2672 outward
1073 2623 1163 2673 tokens
1179 2623 1208 2672 of
1221 2623 1312 2672 friend·

205 2700 281 2761 Nag„
303 2699 317 2761 ξ
335 2697 375 2760 96,
392 2713 417 2762 p.
436 2697 495 2760 3843
522 2701 592 2747 ut:
605 2700 650 2756 ita,
668 2715 696 2746 or
716 2703 746 2746 ed
772 2699 1163 2762 ship-dumtaxatmodifies
1177 2700 1220 2748 the
1231 2699 1313 2747 whole

206 2775 357 2834 condicione,
375 2781 410 2822 ut.
454 2773 565 2823 Observe
589 2775 631 2824 the
654 2775 744 2837 logical
772 2776 913 2839 expression
932 2777 989 2824 sim.
1006 2777 1043 2823 ad
1059 2783 1139 2839 temp,
1160 2781 1199 2825 ‘at
1217 2776 1314 2824 leasta

206 2857 388 2914 arrangement,
405 2849 521 2913 differing
536 2851 599 2898 from
617 2851 660 2898 the
678 2850 746 2914 Eng·
772 2859 912 2916 temporary
930 2853 1076 2915 regard’-
1087 2865 1124 2900 11,
1147 2852 1238 2914 quod,
1261 2850 1315 2900 and

205 2928 261 2985 lish,
274 2927 317 2976 the
335 2927 464 2975 condition
482 2927 584 2988 coming
599 2926 685 2975 before
703 2927 745 2975 the
772 2929 821 2976 this
844 2929 866 2976 is
888 2929 973 2983 what:
998 2944 1040 2977 see
1060 2917 1112 2976 ndat
1136 2929 1224 2992 agitur,
1244 2929 1312 2992 551.

206 3004 433 3053 fulfillment.—2.
457 3002 688 3053 circumfluere.
711 3039 717 3050 .
737 3039 742 3050 .
771 3004 826 3052 The
852 3005 935 3052 clause
960 3004 1101 3067 beginning
1124 3004 1184 3052 with
1213 3012 1266 3052 tum
1294 3003 1314 3050 is

205 3080 318 3138 vivere,
341 3079 492 3140 hendiadys;
526 3081 615 3127 render
637 3080 747 3127 circum·
773 3081 971 3144 epexegetic.—
985 3093 1021 3141 14.
1046 3081 1173 3142 gratiam
1196 3079 1313 3136 referre,

206 3157 292 3222 fluere
309 3156 340 3218 by
358 3171 390 3202 an
408 3155 510 3214 adverb,
524 3162 547 3202 to
564 3157 614 3202 live
630 3156 748 3218 riotously
773 3164 932 3218 recompense,
955 3158 1016 3205 used
1040 3157 1069 3204 of
1089 3157 1150 3204 both
1173 3157 1239 3218 good
1263 3157 1312 3203 and

208 3235 238 3281 in
258 3232 297 3280 the
311 3232 447 3294 possession
470 3232 501 3296 os
516 3231 555 3278 all
574 3231 748 3293 splendore-
773 3232 1066 3295 bad—quamquam,
1079 3232 1195 3294 andyet,·
1212 3231 1314 3280 Laelius

207 3324 231 3370 4.
248 3308 387 3357 nimirum
404 3307 436 3356 ln
454 3309 521 3368 qui,
540 3323 592 3364 one,
607 3308 698 3368 surely,
718 3309 747 3355 in
774 3309 865 3357 doubts
885 3310 928 3357 the
952 3309 1089 3372 possibility
1110 3308 1138 3356 of
1158 3307 1197 3356 his
1221 3307 1315 3370 having

208 3385 296 3433 which.
342 3384 418 3433 Some
439 3384 511 3446 place
532 3399 546 3430 a
567 3399 665 3432 comma
686 3384 748 3432 after
774 3400 823 3446 any
834 3391 888 3432 true
900 3385 1001 3434 friends.

209 3466 345 3518 nimirum,
357 3461 402 3509 but
416 3461 465 3508 this
478 3461 545 3507 word
563 3459 652 3522 always
665 3475 749 3508 comes
828 3473 864 3524 15.
887 3461 947 3518 illa,
969 3461 1009 3508 his
1034 3460 1201 3519 well-known,
1230 3458 1314 3508 causal

209 3544 234 3586 at
252 3539 295 3586 the
312 3536 451 3599 beginning
469 3537 518 3584 and
535 3542 578 3584 not
596 3543 621 3584 at
638 3536 681 3584 the
699 3537 749 3585 end
775 3537 889 3584 ablative.
905 3537 1087 3595 —amioum,
1120 3535 1258 3600 appositive
1289 3534 1318 3583 of

210 3613 239 3661 of
247 3613 361 3661 aclause.
394 3611 516 3676 (R.)-5.
535 3612 654 3661 stabilia
663 3627 750 3675 agrees
776 3614 1013 3676 quemquam-16.
1031 3617 1131 3674 atquo,
1140 3613 1228 3676 again,
1238 3611 1316 3660 intro-

210 3689 269 3738 with
282 3689 469 3737 benevolentiae.
776 3689 853 3737 duces
870 3689 913 3736 the
932 3705 986 3736 new
1004 3689 1075 3750 point
1094 3688 1122 3736 of
1138 3688 1181 3737 the
1200 3687 1274 3737 effect
1289 3685 1319 3736 of
