2952 4150
585 283 748 344 enarrari
771 292 867 344 xxvr.
1235 303 1279 368 99

224 451 348 518 virtute
368 453 457 518 enim
478 453 551 536 ipsa
573 461 640 516 non
661 461 730 516 tarn
751 452 847 515 multi
866 449 1008 534 praediti
1028 471 1103 516 esse
1126 474 1227 536 quam

224 559 330 622 videri
348 558 483 622 volunt:
512 559 572 621 hos
596 557 739 620 delectat
762 556 958 632 adsentatio,
983 557 1034 620 his
1064 557 1160 621 fictus
1184 559 1228 622 ad

225 663 374 745 ipsorum
390 663 596 726 voluntatem
616 669 725 724 sermo
743 681 818 724 curn
840 660 1024 738 adhibitur,
1044 661 1227 726 orationem

226 768 316 830 illam
328 774 450 829 vanam
462 765 688 830 testimonium
705 784 779 828 esse
794 765 930 828 laudum
947 772 1081 828 suarum
1097 774 1225 847 putant.

189 892 202 938 5
225 871 317 933 milla
332 880 383 934 est
398 870 499 952 igitur
515 870 597 934 haec
617 869 861 954 amicitiarum
881 869 964 932 alter
979 876 1094 933 verum
1113 870 1227 934 audire

226 983 292 1038 ndn
304 975 383 1051 vult,
401 976 485 1038 alter
500 975 543 1036 ad
560 973 788 1037 mentiendum
805 979 940 1054 paratus
957 981 1015 1036 est.
1056 993 1118 1036 nec
1135 994 1228 1056 para-

227 1087 364 1142 sitorum
386 1078 421 1143 in
442 1077 620 1142 comoediis
644 1076 831 1140 adsentatio
854 1077 965 1140 faceta
988 1077 1084 1140 nobis
1104 1077 1228 1141 videre-

226 1191 289 1260 tur,
305 1181 370 1246 nisi
384 1193 499 1246 essent
514 1182 634 1245 milites
650 1181 793 1264 gloriosi.

364 1337 504 1411 magnas
519 1337 599 1393 vero
614 1349 714 1410 agere
730 1328 854 1410 gratias
870 1329 974 1393 Thais
989 1329 1092 1393 mihi?

177 1502 205 1534 10
227 1478 306 1542 satis
328 1487 400 1541 erat
419 1478 622 1560 respondere
645 1477 861 1558 “magnas”:
887 1476 1090 1559 “ingentis''
1111 1478 1225 1562 inquit.

228 1603 361 1664 semper
379 1591 481 1664 auget
500 1581 691 1645 adsentator
709 1581 751 1657 id,
773 1581 862 1663 quod
883 1581 919 1656 is,
940 1581 1033 1644 cuius
1054 1583 1097 1645 ad
1115 1584 1228 1646 volun-

227 1694 331 1750 tatem
358 1686 485 1762 dicitur,
509 1685 582 1749 vult
613 1705 686 1748 esse
715 1691 882 1766 magnum.
942 1706 1041 1768 quam
1074 1687 1116 1750 ob
1146 1707 1225 1764 rem,
1243 1698 1278 1748 99

228 1810 430 1873 quamquam
454 1789 578 1852 blanda
605 1789 669 1853 ista
692 1789 822 1852 vanitas
849 1789 939 1871 apud
966 1798 1023 1853 eos
1047 1791 1144 1864 valet,
1171 1802 1228 1874 qui

227 1895 291 1976 ipsi
306 1895 396 1957 illam
412 1894 581 1957 adlectant
598 1903 631 1956 et
647 1893 797 1969 invitant,
813 1903 926 1957 tamen
942 1894 1042 1957 etiam
1058 1895 1227 1977 graviores

178 2020 204 2066 15
227 1998 535 2080 constantioresque
563 1998 764 2060 admonendi
786 2007 872 2074 sunt,
898 2008 934 2061 ut
961 1998 1228 2064 animadvertant

227 2110 270 2165 ne
286 2103 405 2166 callida
424 2102 654 2165 adsentatione
676 2101 857 2182 capiantur.
906 2110 1020 2185 aperte
1041 2103 1128 2166 enim
1151 2104 1228 2166 adti-

207 2207 353 2291 „lantem
369 2213 468 2268 nemo
483 2213 550 2267 non
565 2205 664 2281 videt,
682 2205 746 2268 nisi
762 2215 818 2288 qui
833 2207 1011 2270 admodum
1028 2217 1079 2271 est
1095 2227 1227 2272 excors:

228 2310 366 2374 callidus
382 2310 436 2372 ille
452 2319 486 2373 et
502 2309 650 2373 occultus
667 2317 709 2372 ne
726 2317 762 2372 se
778 2310 924 2374 insinuet
943 2311 1091 2374 studiose
1111 2332 1228 2375 caven-

227 2415 307 2478 dum
325 2424 385 2478 est.
432 2434 494 2478 nec
516 2413 604 2478 enirn
625 2413 781 2477 facillime
802 2416 1002 2496 agnoscitur,
1026 2425 1150 2498 quippe
1172 2426 1229 2498 qui

176 2542 204 2573 20
227 2519 327 2582 etiam
358 2518 566 2583 adversando
598 2539 699 2600 saepe
733 2518 927 2581 adsentitur
960 2529 993 2582 et
1028 2520 1157 2601 litigare
1192 2528 1228 2583 se

176 2727 295 2790 meaning
311 2727 337 2776 ln
354 2728 487 2791 §37.-2.
504 2725 713 2784 videri,sc.esse
738 2728 771 2791 by
793 2728 904 2787 Gnatho,
927 2744 942 2777 a
964 2729 1080 2792 parasite,
1103 2729 1154 2778 and
1178 2729 1204 2778 in
1230 2729 1280 2779 this

172 2803 294 2868 praediti.
331 2803 367 2851 Cf.
381 2803 481 2862 Sallust,
501 2803 553 2851 Cat.
567 2814 606 2867 54,
619 2815 647 2866 5:
667 2819 714 2851 esse
739 2804 798 2862 line,
816 2805 858 2852 the
873 2805 923 2853 first
942 2804 971 2853 ol
986 2821 1018 2852 an
1037 2811 1084 2864 act,
1099 2805 1131 2854 he
1149 2805 1208 2854 asks
1219 2806 1279 2854 with

176 2896 253 2942 quam
269 2879 359 2926 vidiri
373 2879 450 2927 bonus
467 2877 650 2927 masphat—8.
669 2891 714 2928 es·
740 2880 806 2928 what
829 2880 957 2944 reception
979 2881 998 2928 it
1018 2888 1077 2930 met.
1115 2881 1171 2929 The
1191 2881 1241 2930 line
1258 2881 1279 2930 is

175 2959 257 3005 sent:
283 2956 326 3008 the
346 2953 441 3017 subject
461 2955 481 3002 is
502 2955 530 3014 ii,
553 2956 714 3013 understood,
740 2956 833 3020 plainly
856 2972 871 3004 a
896 2964 951 3020 part
975 2956 1003 3004 of
1026 2957 1069 3005 the
1094 2958 1276 3017 conversation,

174 3031 296 3094 referring
314 3037 339 3080 to
358 3031 430 3079 those
449 3037 475 3078 to
493 3030 576 3078 whom
594 3031 714 3093 parasites
740 3033 790 3080 and
802 3033 845 3080 the
860 3032 981 3080 infinitive
994 3033 1124 3082 continues
1136 3033 1280 3096 something

175 3108 259 3156 attach
280 3107 438 3156 themselves.
485 3107 559 3154 Miles
586 3107 714 3154 Gloriosus
740 3108 822 3156 which
847 3109 868 3156 is
893 3109 1007 3157 omitted.
1022 3136 1054 3144 —
1069 3122 1105 3157 10.
1137 3109 1276 3171 ingentia,

174 3199 224 3231 was
242 3183 285 3231 the
304 3183 357 3232 title
376 3183 405 3231 of
420 3199 434 3231 a
453 3182 509 3246 play
522 3181 550 3230 oi
567 3181 674 3240 Plautus,
687 3189 713 3230 to
739 3184 960 3233 mandrae-11.
978 3187 1083 3246 auget:
1107 3185 1138 3234 cs.
1161 3185 1275 3249 Juvenal,

174 3259 256 3307 which
268 3259 396 3308 reference
408 3275 465 3321 may
477 3259 509 3306 be
520 3259 601 3315 made,
615 3259 659 3306 but
670 3258 713 3306 the
740 3260 790 3308 111.
809 3272 934 3322 roo-103:
1179 3253 1190 3273 ⁹

174 3335 306 3398 quotation
318 3335 339 3384 is
351 3335 414 3384 from
425 3335 546 3394 Terence,
562 3334 712 3392 Euarchus,
865 3361 879 3380 a
887 3357 960 3408 Rides,
970 3357 1048 3400 „2555oe
1056 3358 1159 3400 cachinno

174 3423 230 3474 391.
263 3411 319 3460 The
331 3426 400 3460 verse
412 3411 433 3458 is
445 3409 535 3459 iambic
547 3409 672 3458 trimeter:
739 3417 875 3464 Concutiun:
889 3417 933 3468 flet,
943 3423 960 3459 si
970 3417 1067 3460 lacrimas
1076 3418 1187 3470 conspexit
1196 3423 1265 3471 amici,

740 3478 856 3524 Necdolet;
864 3477 1278 3531 igniculumbramaesnemporeposoas,

175 3511 251 3577 >Al
259 3517 288 3572 >
296 3538 321 3570 V
332 3539 357 3570 V
367 3511 371 3576 l
381 3538 406 3568 υ
413 3516 444 3568 L
454 3510 458 3576 l
471 3538 496 3568 V
504 3558 534 3567 -
544 3509 548 3574 l
560 3515 588 3568 >
597 3514 625 3566 L
634 3509 638 3574 l
650 3537 675 3567 V
682 3557 713 3566 —
739 3538 975 3590 Accipitendromidem
983 3538 1279 3590 sidixerit‘Aestuo,'ss1dat.”

173 3642 236 3691 —9.
254 3640 357 3691 agere:
377 3627 480 3686 Thraso,
499 3643 514 3675 a
530 3626 647 3689 braggart
664 3625 713 3674 sol·
792 3623 829 3673 16.
846 3625 950 3685 aperte
971 3661 976 3673 .
996 3661 1002 3674 .
1022 3662 1028 3674 .
1044 3625 1137 3683 videt,
1149 3642 1223 3689 every
1233 3643 1279 3675 one

174 3705 235 3766 dier,
248 3705 298 3754 had
310 3710 392 3754 senta
403 3709 504 3768 present
515 3709 542 3752 to
553 3702 592 3752 his
604 3702 714 3751 mistress
739 3700 821 3750 detests
832 3707 892 3764 open
899 3701 1013 3765 flattery.
1047 3701 1158 3751 Observa
1170 3702 1225 3751 that
1236 3703 1278 3751 the
