2952 4150
211 301 252 366 72
688 298 838 348 ananius

262 455 447 520 sententiis
477 457 566 532 ferri,
595 463 736 539 quirum
750 519 753 524 ,
767 455 893 518 nullam
923 456 1050 539 probo:
1085 463 1196 534 inam,
1228 467 1264 522 ut

262 561 380 624 eodem
405 561 505 624 modo
531 568 612 642 erga
638 570 781 624 amicum
808 561 934 624 adfecti
959 571 1062 624 simus
1089 569 1156 644 quo
1182 569 1262 643 erga

263 673 394 728 nosmet
418 665 518 747 ipsos,
543 665 691 740 alteram,
717 674 753 726 ut
777 674 892 727 nostra
916 665 950 727 in
975 674 1100 729 amicos
1123 666 1264 729 benevo-

262 765 364 832 lentia
380 769 509 832 illorum
527 776 607 850 erga
626 777 686 831 nos
706 769 958 832 benevolentiae
980 770 1105 851 pariter
1123 771 1265 852 aequali·

226 894 239 940 s
262 883 380 955 terque
396 873 606 955 respondeat,
625 873 767 948 tertiam,
785 882 830 949 ut,
848 883 965 955 quanti
980 873 1120 956 quisque
1137 883 1173 937 se
1191 875 1264 956 ipse

263 977 354 1052 facit,
371 986 456 1040 tanti
471 977 532 1039 fiat
549 977 590 1039 ab
607 987 729 1040 amicis.
775 977 891 1039 harum
908 977 1008 1040 trium
1024 978 1264 1041 sententiarum
1280 987 1308 1037 δ’.

263 1082 346 1144 milli
362 1089 497 1162 prorsus
514 1081 700 1144 adsentior:
722 1101 787 1155 nec
803 1080 893 1144 enim
910 1081 965 1144 illa
981 1091 1088 1163 prima
1103 1089 1183 1144 vera
1203 1091 1263 1158 est,

264 1195 309 1261 ut,
327 1206 427 1267 quem
443 1185 486 1247 ad
501 1185 638 1248 modum
654 1185 687 1247 in
708 1192 744 1247 se
763 1185 912 1268 quisque,
933 1184 1035 1248 sicin
1057 1189 1200 1249 amicum
1222 1185 1265 1248 sit

264 1289 447 1366 animatum
472 1310 573 1371 quam
589 1290 694 1351 multa
709 1289 806 1365 enim,
825 1309 910 1372 quae
927 1297 1040 1352 nostrai
1056 1297 1158 1353 causa
1173 1311 1265 1352 num-

214 1415 363 1476 1oquam
386 1395 582 1469 faceremus,
607 1393 749 1456 facimus
776 1389 912 1479 [causa]
940 1395 1139 1457 amicorum!
1193 1414 1265 1476 pre-

264 1505 333 1571 cari
347 1498 389 1560 ab
410 1497 556 1578 indigno,
578 1498 776 1579 supplicare,
796 1507 867 1560 tum
888 1498 1039 1561 acerbius
1063 1499 1096 1560 in
1121 1498 1264 1580 aliquem

263 1601 376 1664 invehi
387 1609 608 1683 insectarique
620 1601 860 1676 vehementius,
875 1621 960 1684 quae
977 1602 1010 1664 in
1027 1611 1147 1666 nostris
1164 1602 1264 1666 rebus

263 1706 435 1769 nonsatis
460 1707 608 1781 honeste
632 1705 666 1768 in
691 1713 872 1768 amicorum
897 1706 986 1769 fiunt
1012 1707 1262 1786 honestissime;

263 1811 454 1891 multaeque
470 1817 523 1872 res
540 1819 626 1884 sunt,
647 1809 680 1871 in
703 1809 823 1891 quibus
847 1810 888 1872 de
912 1819 979 1873 suis
1002 1811 1185 1874 commodis
1203 1810 1265 1873 viri

213 1936 239 1982 15
262 1915 342 1978 boni
372 1914 475 1976 multa
506 1913 685 1976 dEtrahunt
717 1914 913 1996 detrahique
946 1913 1126 1995 patiuntur,
1157 1924 1194 1977 ut
1226 1915 1264 1976 iis

263 2028 361 2081 amici
387 2017 497 2099 potius
525 2037 624 2099 quam
651 2017 716 2099 ipsi
745 2018 908 2080 fruantur.
964 2018 1068 2081 altera
1099 2018 1265 2081 sententia
1280 2029 1315 2078 58

262 2133 323 2198 est,
341 2142 426 2204 quae
447 2122 566 2184 definit
587 2121 765 2184 amicitiam
791 2122 927 2203 paribus
952 2121 1067 2186 officiis
1093 2131 1131 2186 ac
1151 2123 1264 2185 volun-

262 2227 394 2290 tatibus.
443 2227 505 2289 hoc
527 2225 661 2308 quidem
683 2235 734 2288 est
755 2225 853 2289 nimis
875 2226 993 2308 exigue
1016 2236 1049 2289 et
1072 2226 1199 2289 exiliter
1221 2226 1264 2288 ad

262 2331 406 2395 calculos
421 2336 541 2394 vocare
557 2330 745 2406 amicitiam,
763 2339 799 2392 ut
815 2337 876 2412 par
892 2330 934 2393 sit
951 2330 1035 2394 ratio
1050 2338 1263 2412 acceptorum

209 2495 295 2537 stenes
312 2493 350 2536 set
367 2493 394 2535 to
414 2487 485 2535 mark
505 2467 549 2535 the
569 2501 669 2534 comers
689 2485 718 2534 of
735 2502 750 2535 a
776 2486 849 2549 cially
863 2486 892 2534 ol
903 2487 946 2536 the
960 2487 1058 2535 Roman
1071 2501 1175 2535 canvass
1186 2485 1225 2534 for
1236 2485 1314 2544 office,

210 2564 275 2613 field.
309 2563 347 2612 Cf.
366 2564 380 2624 ξ
400 2563 484 2624 36.—
499 2575 518 2610 1.
541 2563 640 2620 tinam,
661 2562 700 2611 i.e.
724 2563 753 2610 of
775 2563 888 2621 anrbitid,
898 2562 987 2626 supply
996 2563 1083 2611 alicui.
1113 2563 1169 2610 The
1181 2562 1315 2610 infinitives

210 2640 338 2704 Epicurus.
384 2638 422 2687 Cf.
443 2639 495 2687 Cic.
517 2639 556 2687 De
574 2639 633 2687 Fin.
657 2631 678 2686 i.
698 2638 746 2687 68:
775 2655 817 2688 are
831 2639 982 2703 appositives
998 2639 1026 2686 ol
1041 2639 1217 2700 multa-14.
1233 2650 1312 2700 que,

209 2716 290 2764 eddem
303 2715 374 2762 modi
383 2715 484 2777 sapiens
498 2715 549 2762 erit
563 2715 673 2780 aayectus
689 2720 750 2778 ergd
775 2715 832 2762 and
839 2731 881 2771 so,·
899 2722 944 2763 not
957 2715 994 2763 lor
1006 2715 1101 2763 multae
1114 2715 1182 2763 aliae
1194 2719 1234 2762 ris
1247 2721 1314 2772 sunt,

209 2797 328 2851 amicum,
340 2797 391 2855 qui
401 2792 430 2839 in
441 2795 465 2838 si
478 2792 569 2854 r'psum.
578 2817 609 2826 —
618 2791 641 2840 6.
659 2791 746 2840 tacit:
775 2798 830 2850 etc,
845 2792 890 2840 but
907 2791 957 2839 this
974 2791 1057 2840 clause
1070 2797 1169 2855 repeats
1183 2793 1233 2840 and
1246 2791 1315 2854 gives

193 2875 237 2917 'so
250 2869 343 2917 editors
355 2867 489 2930 generally,
504 2867 563 2914 with
576 2867 648 2925 Mss.;
665 2868 693 2915 B.
704 2867 749 2915 has
775 2883 844 2915 more
867 2867 962 2930 exactly
985 2867 1028 2916 the
1053 2867 1155 2930 general
1181 2873 1315 2916 statement

209 2945 303 3010 saciat.
645 2977 649 2984 ·
775 2943 909 2992 contained
929 2943 955 2991 in
974 2943 1016 2992 the
1034 2945 1116 2992 words
1135 2959 1213 3007 quam
1234 2943 1314 2990 multa

260 3033 282 3084 7.
299 3020 432 3081 primus,
442 3026 468 3068 to
477 3019 509 3068 be
518 3019 595 3068 taken
604 3019 664 3067 with
674 3020 748 3078 nolu,
776 3025 982 3068 ...amiciruna
1011 3019 1071 3084 (R.)
1099 3019 1315 3080 Cicero'sbiogra·

209 3103 253 3146 not
269 3097 328 3144 with
348 3097 493 3151 adsentiom
515 3100 555 3144 ‘to
572 3111 639 3144 none
657 3103 683 3144 at
700 3095 748 3144 all’
775 3096 826 3160 phy
837 3096 918 3144 shows
930 3111 1003 3158 many
1015 3096 1142 3144 instanees
1153 3095 1182 3143 of
1191 3095 1233 3143 the
1246 3111 1316 3158 prac-

212 3171 355 3236 (R.)—1o.
376 3171 497 3236 [causa]
509 3171 688 3221 amicorum:
706 3172 748 3220 the
775 3173 824 3220 tice
833 3172 861 3220 ol
871 3172 941 3220 these
954 3172 1035 3220 views.

209 3249 343 3313 repetition
355 3248 384 3296 ol
394 3254 478 3306 causd,
491 3248 573 3296 which
587 3249 608 3297 is
622 3255 667 3296 not
679 3249 749 3296 usual
828 3261 864 3311 17.
883 3260 959 3310 quae
977 3248 1092 3306 timuit,
1104 3247 1185 3296 which
1198 3249 1315 3296 restricls.

208 3327 235 3374 in
247 3341 262 3374 a
273 3326 366 3374 second
384 3325 503 3383 member,
515 3325 565 3373 and
582 3325 614 3373 its
631 3324 749 3387 position,
774 3352 808 3360 -
818 3324 854 3373 18.
866 3325 955 3373 nimis
965 3361 970 3373 .
981 3361 986 3373 .
997 3360 1003 3373 .
1013 3324 1186 3381 amicltlam,
1195 3331 1218 3371 lo
1227 3323 1315 3371 reckon

208 3402 291 3450 which
314 3402 335 3450 is
358 3401 480 3463 regularly
503 3400 566 3449 alter
588 3400 620 3449 its
642 3400 750 3463 limiting
775 3407 811 3448 too
823 3401 907 3463 closely
918 3401 975 3448 arrd
983 3401 1085 3463 meanly
1093 3400 1153 3448 witi
1159 3399 1314 3466 sriendslrr'p.

208 3479 326 3542 genitive,
339 3494 380 3526 are
398 3477 526 3526 doubtless
543 3478 592 3526 due
605 3483 631 3525 to
647 3476 690 3525 the
706 3479 747 3526 de·
780 3477 881 3525 Calculi
887 3492 951 3524 were
960 3476 1023 3525 little
1033 3476 1138 3540 pebbles
1146 3476 1208 3524 used
1215 3475 1247 3537 by
1254 3475 1316 3536 boys

208 3556 257 3605 sire
267 3555 305 3603 for
314 3569 329 3602 a
338 3553 442 3602 lorcible
452 3554 584 3602 chiasmus.
593 3553 751 3613 -preefiri
776 3553 801 3600 in
819 3553 933 3616 learning
950 3553 1099 3602 arithmetic.
1109 3580 1142 3588 -
1153 3565 1189 3614 19.
1207 3553 1261 3612 par
1275 3551 1316 3600 sir

209 3633 259 3680 and
270 3629 394 3692 indigno
406 3645 447 3677 are
460 3630 521 3677 both
531 3631 593 3678 used
604 3629 749 3693 absolutely.
776 3629 862 3689 ratio,
883 3630 937 3678 thal
955 3631 1023 3678 there
1043 3646 1101 3692 nray
1120 3630 1146 3678 be
1165 3645 1181 3677 a
1202 3628 1313 3676 balance.

209 3707 280 3756 With
298 3707 448 3769 supplicare,
462 3705 543 3754 which
562 3705 583 3754 is
601 3706 663 3754 used
679 3721 749 3770 espe·
776 3707 954 3771 Expe'nsirum
978 3707 999 3755 is
1022 3722 1091 3754 more
1114 3721 1232 3754 common
1255 3704 1316 3753 than
